<?xml version="1.0" encoding="UTF-8"?>
<!DOCTYPE html PUBLIC "-//W3C//DTD XHTML 1.0 Transitional//EN"
    "http://www.w3.org/TR/xhtml1/DTD/xhtml1-transitional.dtd">
<html xmlns="http://www.w3.org/1999/xhtml" xml:lang="en" lang="en">
 <head>
  <title>
</title>
<meta http-equiv="Content-Type" content="text/html;charset=utf-8" />
  <meta name='ocr-system' content='tesseract 3.04.00' />
  <meta name='ocr-capabilities' content='ocr_page ocr_carea ocr_par ocr_line ocrx_word'/>
</head>
<body>
  <div class='ocr_page' id='page_1' title='image "./mfabiiquintilia00augugoog_0056.png"; bbox 0 0 2374 3906; ppageno 0'>
   <div class='ocr_carea' id='block_1_1' title="bbox 389 136 724 210">
    <p class='ocr_par' dir='ltr' id='par_1_1' title="bbox 389 136 724 210">
     <span class='ocr_line' id='line_1_1' title="bbox 389 136 724 210; baseline 0.012 -20"><span class='ocrx_word' id='word_1_1' title='bbox 389 173 438 190; x_wconf 90' lang='grc'>..</span> <span class='ocrx_word' id='word_1_2' title='bbox 533 136 724 210; x_wconf 70' lang='grc'>45,-</span> 
     </span>
    </p>
   </div>
   <div class='ocr_carea' id='block_1_2' title="bbox 5 330 1141 2658">
    <p class='ocr_par' dir='ltr' id='par_1_2' title="bbox 73 330 1141 1941">
     <span class='ocr_line' id='line_1_2' title="bbox 74 330 1031 423; baseline -0.002 -23"><span class='ocrx_word' id='word_1_3' title='bbox 74 345 173 423; x_wconf 83' lang='lat' dir='ltr'>quarn</span> <span class='ocrx_word' id='word_1_4' title='bbox 195 336 287 398; x_wconf 88' lang='lat' dir='ltr'>idem.</span> <span class='ocrx_word' id='word_1_5' title='bbox 337 330 463 398; x_wconf 80' lang='lat' dir='ltr'>&#39;l’antam</span> <span class='ocrx_word' id='word_1_6' title='bbox 486 332 569 396; x_wconf 86' lang='lat' dir='ltr'>anim</span> <span class='ocrx_word' id='word_1_7' title='bbox 593 331 794 398; x_wconf 84' lang='lat' dir='ltr'>difficultatem</span> <span class='ocrx_word' id='word_1_8' title='bbox 814 333 907 396; x_wconf 87' lang='lat' dir='ltr'>habet</span> <span class='ocrx_word' id='word_1_9' title='bbox 926 333 1031 398; x_wconf 82' lang='lat' dir='ltr'>simili·</span> 
     </span>
     <span class='ocr_line' id='line_1_3' title="bbox 73 423 1049 508; baseline -0.008 -18"><span class='ocrx_word' id='word_1_10' title='bbox 73 428 172 504; x_wconf 77' lang='lat' dir='ltr'>urdo,</span> <span class='ocrx_word' id='word_1_11' title='bbox 195 439 280 488; x_wconf 84' lang='lat' dir='ltr'>utne</span> <span class='ocrx_word' id='word_1_12' title='bbox 294 423 361 506; x_wconf 85' lang='lat' dir='ltr'>ipsa</span> <span class='ocrx_word' id='word_1_13' title='bbox 378 424 501 508; x_wconf 90' lang='lat' dir='ltr'>quidem</span> <span class='ocrx_word' id='word_1_14' title='bbox 513 437 617 486; x_wconf 86' lang='lat' dir='ltr'>natura</span> <span class='ocrx_word' id='word_1_15' title='bbox 634 425 667 487; x_wconf 90' lang='lat' dir='ltr'>in</span> <span class='ocrx_word' id='word_1_16' title='bbox 681 424 742 488; x_wconf 91' lang='lat' dir='ltr'>hoc</span> <span class='ocrx_word' id='word_1_17' title='bbox 760 423 800 486; x_wconf 87' lang='lat' dir='ltr'>ita</span> <span class='ocrx_word' id='word_1_18' title='bbox 815 424 973 502; x_wconf 79' lang='lat' dir='ltr'>evaluerit,</span> <span class='ocrx_word' id='word_1_19' title='bbox 995 439 1031 488; x_wconf 82' lang='lat' dir='ltr'>ut</span> <span class='ocrx_word' id='word_1_20' title='bbox 1047 474 1049 482; x_wconf 80' lang='grc'>,</span> 
     </span>
     <span class='ocr_line' id='line_1_4' title="bbox 74 512 1029 598; baseline -0.002 -20"><span class='ocrx_word' id='word_1_21' title='bbox 74 539 146 580; x_wconf 87' lang='lat' dir='ltr'>non</span> <span class='ocrx_word' id='word_1_22' title='bbox 158 536 208 577; x_wconf 84' lang='lat' dir='ltr'>raa</span> <span class='ocrx_word' id='word_1_23' title='bbox 222 513 461 597; x_wconf 83' lang='lat' dir='ltr'>simplicissimae</span> <span class='ocrx_word' id='word_1_24' title='bbox 475 531 611 598; x_wconf 85' lang='lat' dir='ltr'>quaeque</span> <span class='ocrx_word' id='word_1_25' title='bbox 624 536 713 598; x_wconf 83' lang='lat' dir='ltr'>pares</span> <span class='ocrx_word' id='word_1_26' title='bbox 725 512 851 576; x_wconf 79' lang='lat' dir='ltr'>maxime</span> <span class='ocrx_word' id='word_1_27' title='bbox 863 513 1029 593; x_wconf 82' lang='lat' dir='ltr'>videantur,</span> 
     </span>
     <span class='ocr_line' id='line_1_5' title="bbox 73 601 1088 689; baseline -0.006 -21"><span class='ocrx_word' id='word_1_28' title='bbox 73 605 184 689; x_wconf 87' lang='lat' dir='ltr'>utique</span> <span class='ocrx_word' id='word_1_29' title='bbox 200 603 374 666; x_wconf 85' lang='lat' dir='ltr'>discrimine</span> <span class='ocrx_word' id='word_1_30' title='bbox 388 603 488 686; x_wconf 86' lang='lat' dir='ltr'>aliquo</span> <span class='ocrx_word' id='word_1_31' title='bbox 503 602 720 666; x_wconf 85' lang='lat' dir='ltr'>discernantur.</span> <span class='ocrx_word' id='word_1_32' title='bbox 741 602 829 666; x_wconf 86' lang='lat' dir='ltr'><strong>Adde</strong></span> <span class='ocrx_word' id='word_1_33' title='bbox 844 601 928 688; x_wconf 78' lang='lat' dir='ltr'>quod</span> <span class='ocrx_word' id='word_1_34' title='bbox 941 603 1027 688; x_wconf 89' lang='lat' dir='ltr'>quid-</span> <span class='ocrx_word' id='word_1_35' title='bbox 1039 603 1088 663; x_wconf 82' lang='lat'>11.</span> 
     </span>
     <span class='ocr_line' id='line_1_6' title="bbox 77 687 1031 779; baseline 0.001 -22"><span class='ocrx_word' id='word_1_36' title='bbox 77 692 262 779; x_wconf 74' lang='lat' dir='ltr'>qrridolteri</span> <span class='ocrx_word' id='word_1_37' title='bbox 283 687 463 769; x_wconf 70' lang='lat' dir='ltr'>similc&#39;est,</span> <span class='ocrx_word' id='word_1_38' title='bbox 485 713 610 754; x_wconf 86' lang='lat' dir='ltr'>necesse</span> <span class='ocrx_word' id='word_1_39' title='bbox 633 692 795 756; x_wconf 79' lang='lat' dir='ltr'>catulinus</span> <span class='ocrx_word' id='word_1_40' title='bbox 818 691 857 754; x_wconf 87' lang='lat' dir='ltr'>sit</span> <span class='ocrx_word' id='word_1_41' title='bbox 871 715 925 770; x_wconf 83' lang='lat' dir='ltr'>eo,</span> <span class='ocrx_word' id='word_1_42' title='bbox 946 693 1031 776; x_wconf 83' lang='lat' dir='ltr'>quod</span> 
     </span>
     <span class='ocr_line' id='line_1_7' title="bbox 75 781 1030 868; baseline -0.001 -21"><span class='ocrx_word' id='word_1_43' title='bbox 75 784 238 859; x_wconf 79' lang='lat' dir='ltr'>imitatur,</span> <span class='ocrx_word' id='word_1_44' title='bbox 249 795 283 845; x_wconf 87' lang='lat' dir='ltr'>ut</span> <span class='ocrx_word' id='word_1_45' title='bbox 297 783 404 844; x_wconf 87' lang='lat' dir='ltr'>umbra</span> <span class='ocrx_word' id='word_1_46' title='bbox 418 803 566 864; x_wconf 87' lang='lat' dir='ltr'>corpore,</span> <span class='ocrx_word' id='word_1_47' title='bbox 586 781 689 868; x_wconf 84' lang='lat' dir='ltr'>imago</span> <span class='ocrx_word' id='word_1_48' title='bbox 702 781 789 859; x_wconf 81' lang='lat' dir='ltr'>facie,</span> <span class='ocrx_word' id='word_1_49' title='bbox 812 796 894 846; x_wconf 80' lang='lat' dir='ltr'>actus</span> <span class='ocrx_word' id='word_1_50' title='bbox 909 781 1030 846; x_wconf 81' lang='lat' dir='ltr'>histrio·</span> 
     </span>
     <span class='ocr_line' id='line_1_8' title="bbox 74 869 1029 963; baseline -0.002 -27"><span class='ocrx_word' id='word_1_51' title='bbox 74 897 155 936; x_wconf 86' lang='lat' dir='ltr'>num</span> <span class='ocrx_word' id='word_1_52' title='bbox 170 871 250 934; x_wconf 78' lang='lat' dir='ltr'>veris</span> <span class='ocrx_word' id='word_1_53' title='bbox 262 871 428 934; x_wconf 88' lang='lat' dir='ltr'>affectibus.</span> <span class='ocrx_word' id='word_1_54' title='bbox 469 871 564 963; x_wconf 76' lang='lat' dir='ltr'>Quod</span> <span class='ocrx_word' id='word_1_55' title='bbox 575 869 608 932; x_wconf 87' lang='lat' dir='ltr'>in</span> <span class='ocrx_word' id='word_1_56' title='bbox 623 871 811 936; x_wconf 87' lang='lat' dir='ltr'>orationibus</span> <span class='ocrx_word' id='word_1_57' title='bbox 826 893 947 956; x_wconf 77' lang='lat' dir='ltr'>quoqrte</span> <span class='ocrx_word' id='word_1_58' title='bbox 963 893 1029 934; x_wconf 76' lang='lat' dir='ltr'>aaa·</span> 
     </span>
     <span class='ocr_line' id='line_1_9' title="bbox 77 959 1141 1046; baseline 0 -22"><span class='ocrx_word' id='word_1_59' title='bbox 77 961 135 1026; x_wconf 86' lang='lat' dir='ltr'>nit.</span> <span class='ocrx_word' id='word_1_60' title='bbox 178 963 318 1044; x_wconf 77' lang='lat' dir='ltr'><strong>Namque</strong></span> <span class='ocrx_word' id='word_1_61' title='bbox 334 959 492 1046; x_wconf 79' lang='lat' dir='ltr'>ois,&#39;quae</span> <span class='ocrx_word' id='word_1_62' title='bbox 507 960 540 1020; x_wconf 89' lang='lat' dir='ltr'>in</span> <span class='ocrx_word' id='word_1_63' title='bbox 558 963 725 1044; x_wconf 79' lang='lat' dir='ltr'>exemplum</span> <span class='ocrx_word' id='word_1_64' title='bbox 744 961 936 1038; x_wconf 83' lang='lat' dir='ltr'>assumimus,</span> <span class='ocrx_word' id='word_1_65' title='bbox 958 961 1029 1024; x_wconf 78' lang='lat' dir='ltr'>saal&gt;-</span> <span class='ocrx_word' id='word_1_66' title='bbox 1138 1033 1141 1044; x_wconf 93' lang='lat'><em>.</em></span> 
     </span>
     <span class='ocr_line' id='line_1_10' title="bbox 79 1048 1028 1129; baseline -0.003 -15"><span class='ocrx_word' id='word_1_67' title='bbox 79 1066 128 1114; x_wconf 87' lang='lat' dir='ltr'>est</span> <span class='ocrx_word' id='word_1_68' title='bbox 141 1065 262 1127; x_wconf 83' lang='lat' dir='ltr'>natura,</span> <span class='ocrx_word' id='word_1_69' title='bbox 285 1065 315 1114; x_wconf 86' lang='lat' dir='ltr'>et</span> <span class='ocrx_word' id='word_1_70' title='bbox 329 1072 399 1114; x_wconf 82' lang='lat' dir='ltr'>vera</span> <span class='ocrx_word' id='word_1_71' title='bbox 417 1050 479 1112; x_wconf 82' lang='lat' dir='ltr'>vis:</span> <span class='ocrx_word' id='word_1_72' title='bbox 506 1063 611 1112; x_wconf 71' lang='lat' dir='ltr'>uonna</span> <span class='ocrx_word' id='word_1_73' title='bbox 628 1050 726 1114; x_wconf 87' lang='lat' dir='ltr'>omnis</span> <span class='ocrx_word' id='word_1_74' title='bbox 741 1049 868 1114; x_wconf 85' lang='lat' dir='ltr'>imitatio</span> <span class='ocrx_word' id='word_1_75' title='bbox 888 1048 958 1112; x_wconf 86' lang='lat' dir='ltr'>ficta</span> <span class='ocrx_word' id='word_1_76' title='bbox 974 1065 1028 1129; x_wconf 86' lang='lat' dir='ltr'>est,</span> 
     </span>
     <span class='ocr_line' id='line_1_11' title="bbox 79 1137 1091 1235; baseline 0.004 -31"><span class='ocrx_word' id='word_1_77' title='bbox 79 1141 164 1204; x_wconf 84' lang='lat' dir='ltr'>etad</span> <span class='ocrx_word' id='word_1_78' title='bbox 179 1140 309 1202; x_wconf 81' lang='lat' dir='ltr'>alienum</span> <span class='ocrx_word' id='word_1_79' title='bbox 331 1139 523 1222; x_wconf 87' lang='lat' dir='ltr'>propositum</span> <span class='ocrx_word' id='word_1_80' title='bbox 544 1141 798 1208; x_wconf 86' lang='lat' dir='ltr'>accommodatur.</span> <span class='ocrx_word' id='word_1_81' title='bbox 841 1137 972 1235; x_wconf 77' lang='lat' dir='ltr'>Quolit,</span> <span class='ocrx_word' id='word_1_82' title='bbox 996 1149 1091 1208; x_wconf 70' lang='lat' dir='ltr'>utta.</span> 
     </span>
     <span class='ocr_line' id='line_1_12' title="bbox 79 1227 1031 1316; baseline 0.002 -22"><span class='ocrx_word' id='word_1_83' title='bbox 79 1229 181 1294; x_wconf 80' lang='lat' dir='ltr'>minus</span> <span class='ocrx_word' id='word_1_84' title='bbox 194 1227 349 1316; x_wconf 82' lang='lat' dir='ltr'>sanguinis</span> <span class='ocrx_word' id='word_1_85' title='bbox 362 1251 397 1290; x_wconf 84' lang='lat' dir='ltr'>ac</span> <span class='ocrx_word' id='word_1_86' title='bbox 411 1228 519 1292; x_wconf 81' lang='lat' dir='ltr'>virium</span> <span class='ocrx_word' id='word_1_87' title='bbox 534 1230 765 1295; x_wconf 79' lang='lat' dir='ltr'>declamationes</span> <span class='ocrx_word' id='word_1_88' title='bbox 779 1231 917 1312; x_wconf 77' lang='lat' dir='ltr'>habeant,</span> <span class='ocrx_word' id='word_1_89' title='bbox 940 1255 1031 1316; x_wconf 84' lang='lat' dir='ltr'>quam</span> 
     </span>
     <span class='ocr_line' id='line_1_13' title="bbox 81 1318 1032 1403; baseline 0.001 -20"><span class='ocrx_word' id='word_1_90' title='bbox 81 1319 252 1384; x_wconf 78' lang='lat' dir='ltr'>orationes:</span> <span class='ocrx_word' id='word_1_91' title='bbox 279 1318 349 1403; x_wconf 85' lang='lat' dir='ltr'>quia</span> <span class='ocrx_word' id='word_1_92' title='bbox 369 1318 402 1380; x_wconf 91' lang='lat' dir='ltr'>in</span> <span class='ocrx_word' id='word_1_93' title='bbox 421 1319 479 1382; x_wconf 87' lang='lat' dir='ltr'>illis</span> <span class='ocrx_word' id='word_1_94' title='bbox 500 1343 587 1399; x_wconf 86' lang='lat' dir='ltr'>vera,</span> <span class='ocrx_word' id='word_1_95' title='bbox 609 1322 643 1384; x_wconf 88' lang='lat' dir='ltr'>in</span> <span class='ocrx_word' id='word_1_96' title='bbox 663 1321 710 1384; x_wconf 88' lang='lat' dir='ltr'>his</span> <span class='ocrx_word' id='word_1_97' title='bbox 725 1321 894 1384; x_wconf 61' lang='lat' dir='ltr'>assimulato</span> <span class='ocrx_word' id='word_1_98' title='bbox 908 1321 1032 1384; x_wconf 85' lang='lat' dir='ltr'>materia</span> 
     </span>
     <span class='ocr_line' id='line_1_14' title="bbox 80 1408 1031 1494; baseline 0 -22"><span class='ocrx_word' id='word_1_99' title='bbox 80 1423 137 1472; x_wconf 84' lang='lat' dir='ltr'>est.</span> <span class='ocrx_word' id='word_1_100' title='bbox 190 1408 293 1484; x_wconf 87' lang='lat' dir='ltr'>Adde,</span> <span class='ocrx_word' id='word_1_101' title='bbox 326 1409 410 1492; x_wconf 90' lang='lat' dir='ltr'>quod</span> <span class='ocrx_word' id='word_1_102' title='bbox 430 1431 479 1486; x_wconf 85' lang='lat' dir='ltr'>aa,</span> <span class='ocrx_word' id='word_1_103' title='bbox 511 1431 587 1494; x_wconf 82' lang='lat' dir='ltr'>quae</span> <span class='ocrx_word' id='word_1_104' title='bbox 608 1410 641 1472; x_wconf 90' lang='lat' dir='ltr'>in</span> <span class='ocrx_word' id='word_1_105' title='bbox 666 1426 785 1475; x_wconf 83' lang='lat' dir='ltr'>oratore</span> <span class='ocrx_word' id='word_1_106' title='bbox 804 1411 930 1472; x_wconf 84' lang='lat' dir='ltr'>maxima</span> <span class='ocrx_word' id='word_1_107' title='bbox 952 1425 1031 1489; x_wconf 85' lang='lat' dir='ltr'>sunt,</span> 
     </span>
     <span class='ocr_line' id='line_1_15' title="bbox 79 1497 1032 1582; baseline 0 -20"><span class='ocrx_word' id='word_1_108' title='bbox 79 1497 238 1562; x_wconf 74' lang='lat' dir='ltr'>imitabilia</span> <span class='ocrx_word' id='word_1_109' title='bbox 257 1521 322 1562; x_wconf 87' lang='lat' dir='ltr'>non</span> <span class='ocrx_word' id='word_1_110' title='bbox 342 1513 425 1575; x_wconf 85' lang='lat' dir='ltr'>sunt,</span> <span class='ocrx_word' id='word_1_111' title='bbox 454 1501 635 1582; x_wconf 73' lang='lat' dir='ltr'>ingenium,</span> <span class='ocrx_word' id='word_1_112' title='bbox 658 1503 807 1576; x_wconf 82' lang='lat' dir='ltr'>inventio,</span> <span class='ocrx_word' id='word_1_113' title='bbox 839 1503 903 1577; x_wconf 83' lang='lat' dir='ltr'>vis,</span> <span class='ocrx_word' id='word_1_114' title='bbox 916 1503 1032 1582; x_wconf 72' lang='lat' dir='ltr'>facili-</span> 
     </span>
     <span class='ocr_line' id='line_1_16' title="bbox 78 1586 1087 1674; baseline 0.004 -24"><span class='ocrx_word' id='word_1_115' title='bbox 78 1606 146 1664; x_wconf 80' lang='lat' dir='ltr'>tas,</span> <span class='ocrx_word' id='word_1_116' title='bbox 171 1601 201 1650; x_wconf 85' lang='lat' dir='ltr'>et</span> <span class='ocrx_word' id='word_1_117' title='bbox 216 1586 366 1673; x_wconf 87' lang='lat' dir='ltr'>quidquid</span> <span class='ocrx_word' id='word_1_118' title='bbox 377 1602 439 1650; x_wconf 85' lang='lat' dir='ltr'>arte</span> <span class='ocrx_word' id='word_1_119' title='bbox 453 1609 516 1650; x_wconf 88' lang='lat' dir='ltr'>non</span> <span class='ocrx_word' id='word_1_120' title='bbox 529 1589 664 1651; x_wconf 81' lang='lat' dir='ltr'>traditur.</span> <span class='ocrx_word' id='word_1_121' title='bbox 699 1590 771 1653; x_wconf 89' lang='lat' dir='ltr'>Ideo</span> <span class='ocrx_word' id='word_1_122' title='bbox 787 1589 935 1674; x_wconf 86' lang='lat' dir='ltr'>plerique,</span> <span class='ocrx_word' id='word_1_123' title='bbox 959 1596 1087 1656; x_wconf 74' lang='lat' dir='ltr'>cumld.</span> 
     </span>
     <span class='ocr_line' id='line_1_17' title="bbox 77 1673 1029 1764; baseline 0.002 -24"><span class='ocrx_word' id='word_1_124' title='bbox 77 1677 173 1740; x_wconf 80' lang='lat' dir='ltr'>verba</span> <span class='ocrx_word' id='word_1_125' title='bbox 188 1699 223 1742; x_wconf 84' lang='lat' dir='ltr'>ax</span> <span class='ocrx_word' id='word_1_126' title='bbox 240 1675 427 1741; x_wconf 86' lang='lat' dir='ltr'>orationibus</span> <span class='ocrx_word' id='word_1_127' title='bbox 448 1693 675 1762; x_wconf 81' lang='lat' dir='ltr'>excerpserunt,</span> <span class='ocrx_word' id='word_1_128' title='bbox 700 1693 751 1741; x_wconf 88' lang='lat' dir='ltr'>aut</span> <span class='ocrx_word' id='word_1_129' title='bbox 765 1673 882 1764; x_wconf 81' lang='lat' dir='ltr'>aliquos</span> <span class='ocrx_word' id='word_1_130' title='bbox 903 1701 1029 1762; x_wconf 89' lang='lat' dir='ltr'>compo·</span> 
     </span>
     <span class='ocr_line' id='line_1_18' title="bbox 78 1765 1029 1856; baseline 0 -26"><span class='ocrx_word' id='word_1_131' title='bbox 78 1765 199 1830; x_wconf 77' lang='lat' dir='ltr'>sidonis</span> <span class='ocrx_word' id='word_1_132' title='bbox 213 1780 313 1830; x_wconf 79' lang='lat' dir='ltr'>certos</span> <span class='ocrx_word' id='word_1_133' title='bbox 325 1766 436 1850; x_wconf 78' lang='lat' dir='ltr'>pedes,</span> <span class='ocrx_word' id='word_1_134' title='bbox 457 1766 533 1828; x_wconf 87' lang='lat' dir='ltr'>mira</span> <span class='ocrx_word' id='word_1_135' title='bbox 550 1790 567 1829; x_wconf 87' lang='lat' dir='ltr'>a</span> <span class='ocrx_word' id='word_1_136' title='bbox 582 1789 632 1846; x_wconf 86' lang='lat' dir='ltr'>se,</span> <span class='ocrx_word' id='word_1_137' title='bbox 657 1791 733 1851; x_wconf 81' lang='lat' dir='ltr'>quae</span> <span class='ocrx_word' id='word_1_138' title='bbox 750 1769 904 1856; x_wconf 86' lang='lat' dir='ltr'>legerunt,</span> <span class='ocrx_word' id='word_1_139' title='bbox 927 1768 1029 1855; x_wconf 80' lang='lat' dir='ltr'>effingi</span> 
     </span>
     <span class='ocr_line' id='line_1_19' title="bbox 78 1855 1031 1941; baseline 0 -23"><span class='ocrx_word' id='word_1_140' title='bbox 78 1855 278 1926; x_wconf 67' lang='lat' dir='ltr'>arbitrandus</span> <span class='ocrx_word' id='word_1_141' title='bbox 310 1877 379 1920; x_wconf 90' lang='lat' dir='ltr'>cum</span> <span class='ocrx_word' id='word_1_142' title='bbox 400 1870 429 1918; x_wconf 88' lang='lat' dir='ltr'>et</span> <span class='ocrx_word' id='word_1_143' title='bbox 450 1855 541 1918; x_wconf 82' lang='lat' dir='ltr'>verba</span> <span class='ocrx_word' id='word_1_144' title='bbox 558 1855 755 1934; x_wconf 84' lang='lat' dir='ltr'>intercidant,</span> <span class='ocrx_word' id='word_1_145' title='bbox 789 1858 1031 1941; x_wconf 78' lang='lat' dir='ltr'>invalescantque</span> 
     </span>
    </p>

    <p class='ocr_par' dir='ltr' id='par_1_3' title="bbox 5 1944 1034 2389">
     <span class='ocr_line' id='line_1_20' title="bbox 5 1944 1029 2032; baseline -0.004 -20"><span class='ocrx_word' id='word_1_146' title='bbox 5 1999 8 2016; x_wconf 90' lang='lat'>.</span> <span class='ocrx_word' id='word_1_147' title='bbox 77 1944 285 2028; x_wconf 80' lang='lat' dir='ltr'>temporibus,</span> <span class='ocrx_word' id='word_1_148' title='bbox 305 1957 340 2030; x_wconf 81' lang='lat' dir='ltr'>ut</span> <span class='ocrx_word' id='word_1_149' title='bbox 354 1967 484 2028; x_wconf 81' lang='lat' dir='ltr'>quorum</span> <span class='ocrx_word' id='word_1_150' title='bbox 498 1945 664 2010; x_wconf 85' lang='lat' dir='ltr'>certissima</span> <span class='ocrx_word' id='word_1_151' title='bbox 682 1945 721 2008; x_wconf 85' lang='lat' dir='ltr'>sit</span> <span class='ocrx_word' id='word_1_152' title='bbox 734 1948 840 2032; x_wconf 81' lang='lat' dir='ltr'>regula</span> <span class='ocrx_word' id='word_1_153' title='bbox 854 1946 887 2007; x_wconf 89' lang='lat' dir='ltr'>in</span> <span class='ocrx_word' id='word_1_154' title='bbox 902 1967 1029 2032; x_wconf 76' lang='lat' dir='ltr'>consua-</span> 
     </span>
     <span class='ocr_line' id='line_1_21' title="bbox 78 2034 1029 2120; baseline -0.003 -20"><span class='ocrx_word' id='word_1_155' title='bbox 78 2035 202 2113; x_wconf 85' lang='lat' dir='ltr'>tudine,</span> <span class='ocrx_word' id='word_1_156' title='bbox 225 2055 320 2118; x_wconf 84' lang='lat' dir='ltr'>eaque</span> <span class='ocrx_word' id='word_1_157' title='bbox 333 2056 397 2097; x_wconf 89' lang='lat' dir='ltr'>non</span> <span class='ocrx_word' id='word_1_158' title='bbox 410 2057 464 2096; x_wconf 86' lang='lat' dir='ltr'>sua</span> <span class='ocrx_word' id='word_1_159' title='bbox 479 2034 656 2098; x_wconf 83' lang='lat' dir='ltr'>naturasint</span> <span class='ocrx_word' id='word_1_160' title='bbox 672 2036 754 2098; x_wconf 88' lang='lat' dir='ltr'>bona</span> <span class='ocrx_word' id='word_1_161' title='bbox 768 2049 818 2096; x_wconf 83' lang='lat' dir='ltr'>aut</span> <span class='ocrx_word' id='word_1_162' title='bbox 830 2035 922 2113; x_wconf 85' lang='lat' dir='ltr'>mala,</span> <span class='ocrx_word' id='word_1_163' title='bbox 946 2038 1029 2120; x_wconf 83' lang='lat' dir='ltr'>(nam</span> 
     </span>
     <span class='ocr_line' id='line_1_22' title="bbox 77 2121 1031 2209; baseline 0 -23"><span class='ocrx_word' id='word_1_164' title='bbox 77 2137 141 2209; x_wconf 84' lang='lat' dir='ltr'>per</span> <span class='ocrx_word' id='word_1_165' title='bbox 152 2145 185 2190; x_wconf 85' lang='lat' dir='ltr'>ae</span> <span class='ocrx_word' id='word_1_166' title='bbox 202 2121 271 2186; x_wconf 82' lang='lat' dir='ltr'>soni</span> <span class='ocrx_word' id='word_1_167' title='bbox 283 2137 398 2186; x_wconf 87' lang='lat' dir='ltr'>tantum</span> <span class='ocrx_word' id='word_1_168' title='bbox 419 2127 502 2208; x_wconf 88' lang='lat' dir='ltr'>sunt)</span> <span class='ocrx_word' id='word_1_169' title='bbox 518 2124 573 2185; x_wconf 83' lang='lat' dir='ltr'>aad</span> <span class='ocrx_word' id='word_1_170' title='bbox 591 2138 685 2208; x_wconf 86' lang='lat' dir='ltr'>prout</span> <span class='ocrx_word' id='word_1_171' title='bbox 706 2138 877 2208; x_wconf 84' lang='lat' dir='ltr'>opportune</span> <span class='ocrx_word' id='word_1_172' title='bbox 889 2124 1031 2208; x_wconf 89' lang='lat' dir='ltr'>proprie·</span> 
     </span>
     <span class='ocr_line' id='line_1_23' title="bbox 80 2207 1030 2298; baseline 0 -22"><span class='ocrx_word' id='word_1_173' title='bbox 80 2233 142 2298; x_wconf 88' lang='lat' dir='ltr'>que</span> <span class='ocrx_word' id='word_1_174' title='bbox 160 2225 211 2276; x_wconf 85' lang='lat' dir='ltr'>aut</span> <span class='ocrx_word' id='word_1_175' title='bbox 224 2234 312 2278; x_wconf 22' lang='lat' dir='ltr'>aereus</span> <span class='ocrx_word' id='word_1_176' title='bbox 328 2213 475 2276; x_wconf 84' lang='lat' dir='ltr'>collocata</span> <span class='ocrx_word' id='word_1_177' title='bbox 488 2227 573 2290; x_wconf 82' lang='lat' dir='ltr'>sunt3</span> <span class='ocrx_word' id='word_1_178' title='bbox 603 2227 633 2275; x_wconf 88' lang='lat' dir='ltr'>et</span> <span class='ocrx_word' id='word_1_179' title='bbox 648 2211 830 2296; x_wconf 76' lang='lat' dir='ltr'>compositio</span> <span class='ocrx_word' id='word_1_180' title='bbox 848 2236 917 2275; x_wconf 88' lang='lat' dir='ltr'>cum</span> <span class='ocrx_word' id='word_1_181' title='bbox 928 2207 1030 2276; x_wconf 71' lang='lat' dir='ltr'>¹rebus</span> 
     </span>
     <span class='ocr_line' id='line_1_24' title="bbox 77 2301 1034 2389; baseline -0.004 -22"><span class='ocrx_word' id='word_1_182' title='bbox 77 2303 308 2368; x_wconf 80' lang='lat' dir='ltr'>accommodata</span> <span class='ocrx_word' id='word_1_183' title='bbox 320 2301 374 2380; x_wconf 87' lang='lat' dir='ltr'>sit,</span> <span class='ocrx_word' id='word_1_184' title='bbox 395 2315 458 2364; x_wconf 80' lang='lat' dir='ltr'>nrm</span> <span class='ocrx_word' id='word_1_185' title='bbox 476 2301 543 2386; x_wconf 88' lang='lat' dir='ltr'>ipsa</span> <span class='ocrx_word' id='word_1_186' title='bbox 555 2302 694 2364; x_wconf 78' lang='lat' dir='ltr'>mrietate</span> <span class='ocrx_word' id='word_1_187' title='bbox 709 2301 887 2389; x_wconf 83' lang='lat' dir='ltr'>gratissima.</span> <span class='ocrx_word' id='word_1_188' title='bbox 1031 2343 1034 2352; x_wconf 91' lang='lat'><em>.</em></span> 
     </span>
    </p>

    <p class='ocr_par' dir='ltr' id='par_1_4' title="bbox 76 2382 1088 2658">
     <span class='ocr_line' id='line_1_25' title="bbox 90 2382 1088 2483; baseline -0.007 -29"><span class='ocrx_word' id='word_1_189' title='bbox 90 2443 93 2448; x_wconf 95' lang='lat'><em>.</em></span> <span class='ocrx_word' id='word_1_190' title='bbox 167 2391 212 2454; x_wconf 89' lang='lat' dir='ltr'>ll.·</span> <span class='ocrx_word' id='word_1_191' title='bbox 226 2390 421 2483; x_wconf 78' lang='lat' dir='ltr'>Quapropter</span> <span class='ocrx_word' id='word_1_192' title='bbox 436 2391 625 2456; x_wconf 79' lang='lat' dir='ltr'>exactissimo</span> <span class='ocrx_word' id='word_1_193' title='bbox 641 2391 756 2477; x_wconf 80' lang='lat' dir='ltr'>judicio</span> <span class='ocrx_word' id='word_1_194' title='bbox 773 2390 854 2453; x_wconf 90' lang='lat' dir='ltr'>circa</span> <span class='ocrx_word' id='word_1_195' title='bbox 870 2389 948 2452; x_wconf 89' lang='lat' dir='ltr'>hanc</span> <span class='ocrx_word' id='word_1_196' title='bbox 960 2382 1088 2474; x_wconf 78' lang='lat' dir='ltr'>par-14.</span> 
     </span>
     <span class='ocr_line' id='line_1_26' title="bbox 76 2476 1029 2564; baseline -0.003 -20"><span class='ocrx_word' id='word_1_197' title='bbox 76 2497 141 2544; x_wconf 87' lang='lat' dir='ltr'>tam</span> <span class='ocrx_word' id='word_1_198' title='bbox 152 2481 321 2545; x_wconf 72' lang='lat' dir='ltr'>studiorum</span> <span class='ocrx_word' id='word_1_199' title='bbox 335 2476 527 2543; x_wconf 87' lang='lat' dir='ltr'>examinanda</span> <span class='ocrx_word' id='word_1_200' title='bbox 544 2495 613 2544; x_wconf 88' lang='lat' dir='ltr'>sunt</span> <span class='ocrx_word' id='word_1_201' title='bbox 627 2480 736 2544; x_wconf 87' lang='lat' dir='ltr'>omnia.</span> <span class='ocrx_word' id='word_1_202' title='bbox 779 2479 928 2562; x_wconf 80' lang='lat' dir='ltr'>Primum,</span> <span class='ocrx_word' id='word_1_203' title='bbox 951 2501 1029 2564; x_wconf 87' lang='lat' dir='ltr'>quos</span> 
     </span>
     <span class='ocr_line' id='line_1_27' title="bbox 76 2562 1030 2658; baseline -0.002 -24"><span class='ocrx_word' id='word_1_204' title='bbox 76 2569 247 2634; x_wconf 83' lang='lat' dir='ltr'>imitemur:</span> <span class='ocrx_word' id='word_1_205' title='bbox 270 2562 340 2633; x_wconf 80' lang='lat' dir='ltr'>nam</span> <span class='ocrx_word' id='word_1_206' title='bbox 354 2584 423 2634; x_wconf 90' lang='lat' dir='ltr'>sunt</span> <span class='ocrx_word' id='word_1_207' title='bbox 436 2570 570 2656; x_wconf 88' lang='lat' dir='ltr'>plurimi,</span> <span class='ocrx_word' id='word_1_208' title='bbox 593 2569 646 2658; x_wconf 88' lang='lat' dir='ltr'>qui</span> <span class='ocrx_word' id='word_1_209' title='bbox 663 2567 889 2634; x_wconf 78' lang='lat' dir='ltr'>similimdinem</span> <span class='ocrx_word' id='word_1_210' title='bbox 903 2567 1030 2655; x_wconf 84' lang='lat' dir='ltr'>pessimi</span> 
     </span>
    </p>
   </div>
   <div class='ocr_carea' id='block_1_3' title="bbox 75 2729 1058 3552">
    <p class='ocr_par' dir='ltr' id='par_1_5' title="bbox 78 2729 1058 2962">
     <span class='ocr_line' id='line_1_28' title="bbox 140 2729 1058 2805; baseline 0 -19"><span class='ocrx_word' id='word_1_211' title='bbox 140 2733 287 2800; x_wconf 73' lang='lat' dir='ltr'>coaluerit]</span> <span class='ocrx_word' id='word_1_212' title='bbox 306 2730 350 2787; x_wconf 82' lang='lat' dir='ltr'>Al.</span> <span class='ocrx_word' id='word_1_213' title='bbox 371 2733 499 2786; x_wconf 60' lang='lat' dir='ltr'>uoluerat</span> <span class='ocrx_word' id='word_1_214' title='bbox 540 2729 617 2786; x_wconf 85' lang='lat' dir='ltr'>Idem</span> <span class='ocrx_word' id='word_1_215' title='bbox 632 2742 672 2786; x_wconf 85' lang='lat' dir='ltr'>est</span> <span class='ocrx_word' id='word_1_216' title='bbox 692 2729 840 2786; x_wconf 82' lang='lat' dir='ltr'>discrimen</span> <span class='ocrx_word' id='word_1_217' title='bbox 861 2742 942 2805; x_wconf 83' lang='lat' dir='ltr'>atque</span> <span class='ocrx_word' id='word_1_218' title='bbox 957 2730 1030 2786; x_wconf 79' lang='lat' dir='ltr'>incer</span> <span class='ocrx_word' id='word_1_219' title='bbox 1053 2733 1058 2743; x_wconf 92' lang='lat'>&#39;</span> 
     </span>
     <span class='ocr_line' id='line_1_29' title="bbox 78 2805 1031 2890; baseline 0 -20"><span class='ocrx_word' id='word_1_220' title='bbox 78 2817 152 2872; x_wconf 72' lang='lat' dir='ltr'>etad.</span> <span class='ocrx_word' id='word_1_221' title='bbox 167 2827 194 2869; x_wconf 86' lang='lat' dir='ltr'>at</span> <span class='ocrx_word' id='word_1_222' title='bbox 214 2819 366 2881; x_wconf 79' lang='lat' dir='ltr'>laborare,</span> <span class='ocrx_word' id='word_1_223' title='bbox 385 2813 460 2890; x_wconf 50' lang='lat' dir='ltr'>¹Otto</span> <span class='ocrx_word' id='word_1_224' title='bbox 476 2812 535 2868; x_wconf 82' lang='lat' dir='ltr'>Cat.</span> <span class='ocrx_word' id='word_1_225' title='bbox 550 2813 591 2870; x_wconf 87' lang='lat' dir='ltr'>M.</span> <span class='ocrx_word' id='word_1_226' title='bbox 606 2834 633 2888; x_wconf 85' lang='lat' dir='ltr'>p.</span> <span class='ocrx_word' id='word_1_227' title='bbox 649 2810 698 2871; x_wconf 75' lang='lat'>64.</span> <span class='ocrx_word' id='word_1_228' title='bbox 739 2813 783 2868; x_wconf 90' lang='lat' dir='ltr'>De</span> <span class='ocrx_word' id='word_1_229' title='bbox 804 2813 914 2868; x_wconf 81' lang='lat' dir='ltr'>Graeco</span> <span class='ocrx_word' id='word_1_230' title='bbox 928 2805 1031 2870; x_wconf 56' lang='lat' dir='ltr'>luta&amp;</span> 
     </span>
     <span class='ocr_line' id='line_1_30' title="bbox 79 2895 438 2962; baseline -0.006 -10"><span class='ocrx_word' id='word_1_231' title='bbox 79 2897 145 2952; x_wconf 77' lang='lat' dir='ltr'>dixit</span> <span class='ocrx_word' id='word_1_232' title='bbox 160 2896 353 2952; x_wconf 60' lang='lat' dir='ltr'>Goellffhuc„</span> <span class='ocrx_word' id='word_1_233' title='bbox 367 2895 390 2962; x_wconf 91' lang='lat' dir='ltr'>l,</span> <span class='ocrx_word' id='word_1_234' title='bbox 409 2897 438 2951; x_wconf 80' lang='lat'>3.</span> 
     </span>
    </p>

    <p class='ocr_par' dir='ltr' id='par_1_6' title="bbox 75 2967 1028 3225">
     <span class='ocr_line' id='line_1_31' title="bbox 139 2967 1028 3061; baseline -0.002 -21"><span class='ocrx_word' id='word_1_235' title='bbox 139 2990 218 3058; x_wconf 80' lang='lat' dir='ltr'>quod</span> <span class='ocrx_word' id='word_1_236' title='bbox 239 2981 381 3061; x_wconf 70' lang='lat' dir='ltr'>imitatur]</span> <span class='ocrx_word' id='word_1_237' title='bbox 410 2967 569 3058; x_wconf 75' lang='lat' dir='ltr'>subjectum</span> <span class='ocrx_word' id='word_1_238' title='bbox 588 2991 643 3038; x_wconf 79' lang='lat' dir='ltr'>est:</span> <span class='ocrx_word' id='word_1_239' title='bbox 682 2973 815 3058; x_wconf 66' lang='lat' dir='ltr'>quidquid</span> <span class='ocrx_word' id='word_1_240' title='bbox 839 2981 916 3038; x_wconf 79' lang='lat' dir='ltr'>alteri</span> <span class='ocrx_word' id='word_1_241' title='bbox 939 2981 1028 3038; x_wconf 75' lang='lat' dir='ltr'>simile</span> 
     </span>
     <span class='ocr_line' id='line_1_32' title="bbox 75 3080 124 3126; baseline -0.041 0"><span class='ocrx_word' id='word_1_242' title='bbox 75 3080 124 3126; x_wconf 82' lang='lat' dir='ltr'>est.</span> 
     </span>
     <span class='ocr_line' id='line_1_33' title="bbox 87 3146 649 3225; baseline 0.007 -25"><span class='ocrx_word' id='word_1_243' title='bbox 87 3195 89 3200; x_wconf 93' lang='lat'><em>.</em></span> <span class='ocrx_word' id='word_1_244' title='bbox 138 3152 169 3206; x_wconf 69' lang='grc' dir='ltr'>ὑπ</span> <span class='ocrx_word' id='word_1_245' title='bbox 185 3146 348 3225; x_wconf 63' lang='lat' dir='ltr'>orationib]</span> <span class='ocrx_word' id='word_1_246' title='bbox 371 3147 415 3204; x_wconf 76' lang='lat' dir='ltr'>Al.</span> <span class='ocrx_word' id='word_1_247' title='bbox 429 3152 460 3203; x_wconf 81' lang='lat' dir='ltr'>r&#39;n</span> <span class='ocrx_word' id='word_1_248' title='bbox 476 3152 649 3206; x_wconf 72' lang='lat' dir='ltr'>oratoribus.</span> 
     </span>
    </p>

    <p class='ocr_par' dir='ltr' id='par_1_7' title="bbox 86 3227 994 3390">
     <span class='ocr_line' id='line_1_34' title="bbox 141 3227 994 3308; baseline -0.005 -20"><span class='ocrx_word' id='word_1_249' title='bbox 141 3230 322 3308; x_wconf 80' lang='lat' dir='ltr'>assimulata]</span> <span class='ocrx_word' id='word_1_250' title='bbox 344 3231 389 3287; x_wconf 90' lang='grc' dir='ltr'>ΑΙ.</span> <span class='ocrx_word' id='word_1_251' title='bbox 410 3235 586 3298; x_wconf 77' lang='lat' dir='ltr'>assimilata,</span> <span class='ocrx_word' id='word_1_252' title='bbox 606 3252 630 3286; x_wconf 76' lang='lat' dir='ltr'>a.</span> <span class='ocrx_word' id='word_1_253' title='bbox 646 3229 756 3289; x_wconf 73' lang='lat' dir='ltr'>Pastor.</span> <span class='ocrx_word' id='word_1_254' title='bbox 772 3231 839 3287; x_wconf 83' lang='lat' dir='ltr'>Tae.</span> <span class='ocrx_word' id='word_1_255' title='bbox 855 3227 951 3286; x_wconf 78' lang='lat' dir='ltr'>Germ.</span> <span class='ocrx_word' id='word_1_256' title='bbox 965 3228 994 3285; x_wconf 86' lang='grc'>9.</span> 
     </span>
     <span class='ocr_line' id='line_1_35' title="bbox 86 3311 685 3390; baseline 0.01 -25"><span class='ocrx_word' id='word_1_257' title='bbox 86 3365 89 3374; x_wconf 30' lang='lat'><strong>⁴</strong></span> <span class='ocrx_word' id='word_1_258' title='bbox 118 3317 224 3370; x_wconf 81' lang='lat' dir='ltr'>-verba</span> <span class='ocrx_word' id='word_1_259' title='bbox 237 3312 310 3390; x_wconf 85' lang='lat' dir='ltr'>&#39;sqq.]</span> <span class='ocrx_word' id='word_1_260' title='bbox 331 3311 398 3370; x_wconf 84' lang='lat' dir='ltr'>Hor.</span> <span class='ocrx_word' id='word_1_261' title='bbox 415 3312 449 3368; x_wconf 83' lang='grc' dir='ltr'>Α.</span> <span class='ocrx_word' id='word_1_262' title='bbox 464 3315 496 3370; x_wconf 91' lang='grc' dir='ltr'>Ρ.</span> <span class='ocrx_word' id='word_1_263' title='bbox 511 3315 561 3370; x_wconf 73' lang='lat'>70.</span> <span class='ocrx_word' id='word_1_264' title='bbox 648 3355 658 3364; x_wconf 79' lang='grc'><strong>-</strong></span> <span class='ocrx_word' id='word_1_265' title='bbox 683 3359 685 3366; x_wconf 95' lang='grc'><strong>.</strong></span> 
     </span>
    </p>

    <p class='ocr_par' dir='ltr' id='par_1_8' title="bbox 75 3393 1023 3552">
     <span class='ocr_line' id='line_1_36' title="bbox 135 3393 1023 3473; baseline -0.002 -23"><span class='ocrx_word' id='word_1_266' title='bbox 135 3395 224 3473; x_wconf 60' lang='lat' dir='ltr'>crica]</span> <span class='ocrx_word' id='word_1_267' title='bbox 244 3397 398 3471; x_wconf 68' lang='lat' dir='ltr'>Argenteus</span> <span class='ocrx_word' id='word_1_268' title='bbox 415 3397 508 3452; x_wconf 83' lang='lat' dir='ltr'>aetatis</span> <span class='ocrx_word' id='word_1_269' title='bbox 519 3407 559 3452; x_wconf 80' lang='lat' dir='ltr'>est</span> <span class='ocrx_word' id='word_1_270' title='bbox 571 3395 618 3450; x_wconf 76' lang='lat' dir='ltr'>laic</span> <span class='ocrx_word' id='word_1_271' title='bbox 631 3395 711 3466; x_wconf 78' lang='lat' dir='ltr'>hujus</span> <span class='ocrx_word' id='word_1_272' title='bbox 726 3393 934 3469; x_wconf 80' lang='lat' dir='ltr'>praepositionis</span> <span class='ocrx_word' id='word_1_273' title='bbox 949 3411 1023 3462; x_wconf 78' lang='lat' dir='ltr'>usus,</span> 
     </span>
     <span class='ocr_line' id='line_1_37' title="bbox 75 3477 880 3552; baseline 0.001 -18"><span class='ocrx_word' id='word_1_274' title='bbox 75 3502 100 3535; x_wconf 80' lang='lat' dir='ltr'>v.</span> <span class='ocrx_word' id='word_1_275' title='bbox 113 3477 226 3534; x_wconf 77' lang='lat' dir='ltr'>Dronk.</span> <span class='ocrx_word' id='word_1_276' title='bbox 240 3481 313 3534; x_wconf 76' lang='lat' dir='ltr'>Tan·</span> <span class='ocrx_word' id='word_1_277' title='bbox 324 3478 397 3534; x_wconf 89' lang='lat' dir='ltr'>Dial.</span> <span class='ocrx_word' id='word_1_278' title='bbox 411 3497 437 3552; x_wconf 92' lang='lat' dir='ltr'>p.</span> <span class='ocrx_word' id='word_1_279' title='bbox 454 3481 502 3536; x_wconf 82' lang='lat'>69.</span> <span class='ocrx_word' id='word_1_280' title='bbox 878 3487 880 3492; x_wconf 81' lang='grc'><strong>“</strong></span> 
     </span>
    </p>
   </div>
   <div class='ocr_carea' id='block_1_4' title="bbox 0 0 1192 3906">
    <p class='ocr_par' dir='ltr' id='par_1_9' title="bbox 0 0 1192 3906">
     <span class='ocr_line' id='line_1_38' title="bbox 0 0 1192 3906; baseline 0 0"><span class='ocrx_word' id='word_1_281' title='bbox 0 0 1192 3906; x_wconf 95' lang='lat' dir='ltr'> </span> 
     </span>
    </p>
   </div>
  </div>
 </body>
</html>
