2374 3906
413 183 418 215 ι
474 169 524 206 τ·
615 103 675 206 ’Μ’
762 131 827 184 -”
932 87 939 96 -

166 343 198 392 et
211 329 307 392 solam
325 326 481 392 scribendi
499 325 671 392 facultatem
682 327 785 412 potins
799 326 839 392 ad
858 323 916 390 elia
935 347 1030 412 opera
1048 349 1123 391 cun-

168 431 270 482 sertet
302 417 373 482 'Vix
387 417 467 480 enim
481 418 581 482 bonae
602 416 673 480 fidei
694 416 760 482 rirc
779 416 921 480 convenit
934 415 1079 480 auxilium
1091 415 1124 477 in

156 507 324 592 publicum
341 507 497 592 polliceri,
520 507 605 592 quod
624 506 658 570 in
677 505 929 592 praesentissimis
948 506 1122 590 quibusque

166 596 312 680 periculis
334 597 429 660 desit:
462 611 497 659 ut
515 597 628 658 intrare
643 611 767 679 portum
787 595 897 674 navis,
920 596 981 658 nisi
999 594 1121 658 lenibus

112 684 264 754 ‘tuentis
277 700 379 764 reeta,
405 709 471 750 non
483 685 588 772 possit.
642 685 802 770 Siquidem
818 679 1058 748 innumerabiles
1071 705 1118 746 ac-

170 776 274 862 cidunt
292 775 408 838 subitae
423 775 636 853 necessitates,
664 777 713 838 rel
731 775 819 859 apud
832 773 1044 862 magistratus,
1075 773 1119 835 rel

94 873 96 884 ⁴
168 865 398 948 repraesentatis
410 864 532 950 judiciis
548 864 693 928 continuo
707 863 828 952 agendi.
858 864 995 958 Quarum
1008 863 1038 925 si
1053 883 1120 947 qna,

169 977 234 1018 nnn
257 951 328 1017 dico
350 953 522 1039 cuicunque
545 953 754 1018 innocentium
791 953 900 1031 ‘rium,
931 953 987 1034 sed
1009 953 1123 1015 amico-

169 1067 238 1114 mm
258 1044 555 1127 acpropinqucrum
575 1043 666 1106 alicui
685 1065 781 1128 even!
806 1057 833 1121 t,
859 1041 987 1105 stabitne
1010 1057 1123 1118 mutus,

65 1195 71 1198 .
172 1147 202 1196 et
222 1134 379 1195 salutarem
396 1133 568 1216 petentibus
583 1127 713 1211 'rocem‚
744 1133 858 1210 statim,
886 1131 913 1193 ai
934 1155 998 1195 ncn
1016 1153 1123 1194 sucnr

169 1237 265 1300 sauir,
287 1222 444 1306 perituris,
465 1245 567 1308 moras
587 1235 618 1284 ct
637 1243 791 1286 secessum
810 1235 841 1285 et
860 1220 1010 1284 silentium
1033 1242 1124 1305 quae-

175 1327 237 1393 ret,
264 1313 335 1374 dum
352 1313 403 1374 illa
417 1313 509 1376 verba
530 1310 731 1389 fabricentur,
754 1326 785 1374 et
801 1311 965 1377 memoriae
980 1311 1125 1386 insidant,

45 1425 52 1435 “
134 1416 201 1476 3,et
227 1425 285 1465 vox
307 1403 438 1464 aelatus
460 1402 681 1486 praeparetur?
735 1399 911 1492 Quaerere
931 1400 1045 1486 patitur
1064 1399 1124 1462 hoc

169 1491 257 1570 ratic,
278 1505 312 1553 ut
324 1490 482 1574 quisquam
494 1490 645 1566 ‚sitoratcr
656 1490 819 1572 imparatus
833 1491 872 1553 ad
885 1489 995 1552 casus?
1029 1487 1123 1580 Quid,

172 1603 242 1646 carm
261 1579 432 1644 adversario
448 1579 695 1665 respondendum
716 1578 789 1658 erit,
813 1577 887 1643 fiet?
932 1579 1014 1642 Nam
1030 1598 1124 1662 saepe

233 1750 421 1820 benaefidei]
445 1747 490 1804 Al.
505 1750 672 1818 bonafide,
693 1769 718 1803 v.
735 1748 771 1804 ad
786 1749 815 1817 3,
834 1749 882 1806 12.

234 1841 264 1894 s'n
276 1839 432 1906 putatum]
460 1838 500 1892 lta
520 1841 550 1892 r'n
566 1845 904 1904 vcnanruneeonsulere,
932 1831 963 1890 in
974 1838 1124 1905 publs'cum

171 1924 343 1992 proruam,
361 1920 435 1975 laets.
447 1921 517 1976 Tac.
530 1919 624 1994 Gerra.
638 1921 688 1988 27,
704 1921 732 1975 5.
752 1919 859 1976 Dronl.
873 1917 947 1975 Dial.
958 1919 1009 1974 26.
1022 1920 1052 1974 8.
1120 1974 1125 1982 ,

236 2022 268 2064 ut
288 2013 402 2064 intrare
419 2023 450 2081 p.
472 2015 550 2080 nan]
579 2009 720 2084 Spalding.
735 2023 841 2066 secutus
856 2031 926 2066 sum.
966 2007 1011 2063 Al.
1027 2022 1063 2065 ut
1077 2015 1124 2067 in-

174 2103 224 2148 tra
236 2103 315 2164 port.
334 2097 416 2147 naras
428 2099 563 2148 accedere
575 2096 633 2167 nr'sr'
644 2097 700 2148 len.
775 2133 800 2147 ..
815 2131 863 2162 ..„
879 2094 913 2148 al.
927 2091 1013 2146 aliter.
1174 2127 1175 2160 ,

234 2181 427 2258 necessitates]
449 2183 493 2238 De
506 2183 603 2238 talibus
623 2183 793 2240 substantivis
805 2182 903 2258 plurali
915 2202 1032 2238 numero
1046 2183 1125 2257 posi·

172 2265 222 2333 tis,
242 2285 266 2320 r.
282 2265 364 2321 Heus.
381 2266 401 2318 l.
419 2265 477 2320 Otr.
491 2267 541 2333 22,
556 2263 584 2320 5.

173 2339 178 2348 ⁵
236 2345 436 2428 monstratus]
458 2351 530 2428 apud
543 2351 694 2428 principem
711 2353 754 2408 vel
768 2363 902 2408 senatum.
944 2333 1061 2410 (laussas
1076 2379 1125 2414 ae-

173 2449 215 2493 tas
233 2455 290 2491 esse
306 2437 441 2491 interdum
457 2457 499 2509 ap.
513 2436 683 2510 magistratus
698 2437 912 2492 extraordinario
923 2437 1026 2510 judicio
1038 2451 1125 2495 testa-

173 2529 219 2576 tur
232 2519 329 2590 Quint.
344 2518 397 2585 lll,·
414 2519 461 2586 10,
482 2519 508 2574 1.
529 2520 578 2587 lV,
596 2518 623 2585 1,
640 2520 688 2574 72.
709 2521 745 2586 V,
761 2520 809 2584 13,
826 2520 852 2575 6.
1173 2517 1174 2520 ¹

94 2607 99 2611 ’
237 2606 473 2685 repraesentatas]
496 2620 558 2668 ante
571 2619 684 2684 tempus·
697 2607 809 2680 habitis,
837 2611 925 2676 Hera„
937 2609 1015 2667 Caes.
1036 2613 1072 2668 B.
1090 2613 1124 2668 G.

60 2705 64 2710 “
172 2693 194 2762 l,
211 2693 260 2749 40.
599 2755 605 2772 ¹

236 2783 289 2836 itta
301 2777 397 2856 rerba]
417 2798 458 2838 Σ
474 2791 530 2836 tam
544 2782 699 2866 praeclara,
722 2781 819 2855 quibus
829 2779 940 2836 fastidit.
1166 2833 1173 2852 ,ζ

236 2868 324 2952 lctus]
353 2871 411 2925 Nos
432 2871 548 2928 dicimus
570 2884 679 2948 pectus,
709 2894 732 2925 r.
748 2872 865 2926 Ellendt.
879 2873 956 2926 Brut.
973 2869 1030 2938 55,
1051 2873 1125 2930 202.
1172 2857 1173 2910 l

175 2951 263 3008 Notus
283 2973 375 3007 versus
397 2953 442 3029 ille
462 2955 620 3012 Ennianus:
658 2955 693 3010 Et
710 2955 827 3010 lateralis
851 2953 928 3036 dolos
952 2953 1126 3010 certissumus

177 3034 293 3092 nuncius
305 3034 416 3091 mortis!
956 3040 958 3044 ’

237 3130 402 3198 imparatus
413 3127 562 3206 adrasus]
584 3129 754 3201 Coniecturis
767 3147 880 3201 campus
892 3137 974 3200 patet,
993 3099 1057 3180 cum
1071 3137 1128 3200 opt.
1171 3173 1172 3178 ,

176 3209 257 3288 codd.
266 3210 423 3265 exhibeant:
444 3215 601 3283 adunando
615 3215 727 3288 cultore
741 3229 834 3265 casus.
863 3205 983 3280 Quidni:
1003 3219 1034 3262 ut
1050 3210 1126 3281 quis-

119 3335 124 3344 .
178 3311 224 3364 qu.
239 3292 274 3346 sit
288 3307 329 3346 cr.
344 3291 399 3363 (·.“..“
415 3294 529 3350 oratoris
545 3295 655 3350 nomine
672 3291 782 3370 dignus)
799 3292 845 3364 qui
864 3291 1011 3364 aliquando
1027 3292 1128 3346 obmu-

177 3381 264 3428 tescat
276 3374 377 3508 sparsis
391 3373 446 3447 (z
458 3375 505 3450 qui
521 3371 583 3451 alid.
599 3396 708 3432 caussas
723 3393 803 3450 agere
817 3373 976 3442 ‹lctrectet)?
1005 3371 1050 3428 Al.
1067 3385 1127 3428 ten-

177 3465 270 3508 tarunt
281 3475 296 3509 a
308 3455 341 3508 ia.
