2374 3906
70 354 218 438 despue,
239 374 363 440 quoqne
375 345 436 422 sint
447 349 542 418 inodo
557 351 702 434 dicende,
721 353 783 419 nisi
796 365 896 421 umen
907 356 1022 443 lnpro·

73 441 178 508 cinctu
200 443 394 529 paratumque
421 445 460 509 ad
480 465 586 508 omnes
608 465 694 508 casua
718 445 859 509 habuerit
879 447 1022 533 eloquen-

70 533 163 611 tiem,
184 535 265 596 velut
282 534 391 597 clausis
410 533 558 598 thesauris
572 533 739 598 incubabit.
778 536 855 598 Non
875 551 974 600 autem
989 545 1057 605 ιιι3.

73 621 226 726 quidquid
238 623 403 708 praecipue
422 623 701 704 necessarimm,
723 622 769 686 sic
783 626 822 688 ad
836 626 1024 690 efficiendum
1109 705 1110 710 ἵ
1130 683 1135 709 ,

73 717 228 778 oratorem
247 713 367 776 maximi
386 715 526 798 protinus
545 713 603 776 erit
624 713 779 778 momenti.
827 715 908 778 Nam
931 732 1024 796 certe,

74 825 146 866 cum
161 801 248 863 sitin
268 804 439 887 eloquendo
457 797 595 906 positum
606 804 735 870 oratoris
752 803 899 884 officium,
923 809 1024 870 dicere
1062 817 1067 826 “

73 906 143 955 ante
158 891 259 954 omnia
275 907 336 954 est·
329 907 448 978 ‚etque
464 892 562 956 hinc
552 892 672 956 mitium
693 895 760 1002 ejus⁸
770 893 841 956 artis
856 853 948 958 sitisse
961 919 1023 958 ma-

73 981 224 1062 nifestum¹
243 996 304 1061 est3
333 983 501 1067 proximam
525 982 664 1046 deinde
652 985 847 1048 imitationem
852 1009 867 1059 ,·
893 985 1021 1049 novissi·

73 1094 156 1134 mam
176 1072 332 1134 scribendi
356 1095 417 1157 quo
500 1073 699 1154 diligentiam.
744 1072 809 1135 Sed
820 1086 856 1138 ut
855 1074 1023 1176 ‘perveniri
1014 1071 1061 1133 4.

74 1162 116 1224 ad
132 1183 264 1240 summa,
286 1161 347 1223 nisi
368 1185 404 1225 ex
419 1095 599 1266 ῗΙιοΙΡΙΙι,
627 1185 692 1226 non
706 1166 824 1248 potest,
853 1162 894 1224 ita
914 1171 1024 1250 proce-

47 1273 50 1278 ·
75 1251 201 1314 dente
190 1273 251 1336 Jem
272 1273 364 1334 opere
385 1250 509 1312 minima
530 1249 682 1336 incipiunt
704 1272 790 1330 esse,
827 1271 904 1336 eptae
925 1254 1024 1336 prima
1083 1299 1087 1306 1

73 1354 152 1404 sunt.
197 1339 313 1404 Verum
334 1363 392 1404 nos
413 1363 494 1420 non,
519 1340 675 1424 quomodo
694 1340 894 1406 instituendus
912 1357 1023 1420 orator,

73 1431 220 1494 hocloco
237 1429 382 1492 ιΙΙοΙιιιιιι
407 1387 538 1513 (nardid
557 1429 682 1514 qrridem
701 1444 751 1494 aut
769 1429 856 1509 satis,
880 1447 930 1496 ιιι
943 1446 1023 1494 certe

72 1519 118 1584 uti
137 1517 309 1605 potuimus,
343 1519 456 1582 (lictum
477 1521 536 1604 est)
557 1520 629 1599 aed,
656 1533 692 1584 ut
712 1519 821 1584 athleta
842 1520 895 1605 qui
919 1543 1024 1584 omnes

73 1611 135 1696 jem
157 1607 357 1712 perdidicerit
373 1631 391 1672 a
407 1621 606 1694 praeceptore
626 1630 786 1687 numeros,
826 1631 887 1693 quo
910 1631 1024 1699 genere

75 1697 296 1762 exercitationis
319 1699 358 1760 ad
386 1698 548 1760 certamina
573 1699 798 1783 praeparandus
826 1699 874 1761 sit.
929 1700 1026 1787 Igitur

77 1809 164 1867 eum,
188 1785 245 1872 qui
264 1810 315 1852 ree
334 1787 469 1871 invenire
496 1801 526 1850 et
544 1787 706 1873 disponere
726 1787 826 1868 scietz
838 1787 931 1850 verbe
950 1811 1024 1893 quo-

78 1899 138 1966 que
162 1891 192 1942 et
210 1875 344 1966 eligendi
362 1891 392 1940 et
411 1877 583 1941 collocandi
601 1878 750 1942 rationem
769 1871 957 1964 perceperit,
979 1878 1026 1940 in·
1072 1932 1075 1938 .

76 1984 236 2044 struamus,
258 1989 317 2052 qua
329 1963 456 2048 ratione,
475 1965 561 2070 quod
575 1965 726 2046 didicerit,
747 1965 847 2031 fecere
865 1989 955 2055 quem
970 1989 1025 2053 op

76 2058 165 2154 cipue,
191 2079 290 2144 quem
295 2056 435 2122 facillime
447 2055 553 2141 possit-

74 2216 76 2220 *
124 2175 232 2257 seivit]
254 2181 390 2257 depictor,
403 2179 501 2256 quode
512 2200 563 2235 usu
570 2177 858 2256 perlectianteomnes
874 2200 899 2234 ι.
906 2177 1027 2238 Walch.

80 2265 145 2322 Tac.
161 2265 229 2340 Agr.
244 2288 271 2340 p.
286 2265 359 2322 103.
399 2263 445 2330 ,ΑΙ
460 2265 563 2326 scterr't.

142 2349 348 2424 quaequpque]
371 2345 416 2404 Al.
428 2366 483 2417 quc
499 2364 636 2417 quaeque.
654 2353 847 2418 quoquezet
861 2363 926 2419 quo,
942 2343 1027 2400 ΚιΙιι.

82 2429 146 2490 Sall.
163 2429 222 2486 Cat.
237 2409 288 2500 28,
305 2423 333 2488 4.
371 2430 460 2485 Beier.
478 2427 535 2484 Cic.
538 2427 624 2484 Lael.
617 2449 664 2504 .Ρ.
681 2428 748 2486 188.

143 2517 288 2614 quidquid]
313 2511 357 2570 Al.
371 2515 501 2583 quidque.
530 2513 664 2586 Quisquis
677 2531 720 2584 ap.
713 2508 845 2588 ‚Lucret
853 2517 886 2562 et
899 2507 1028 2563 vetustio-

79 2617 124 2654 res
146 2617 198 2673 pro
221 2601 337 2670 quisque
357 2615 437 2672 saepe
456 2595 571 2670 legitur,
587 2595 644 2650 '.cfr
652 2593 749 2650 ‘.Goer
765 2589 824 2647 Cic.
832 2590 887 2646 '.lV
903 2591 984 2644 Finn.
998 2589 1028 2662 5,

82 2683 148 2738 13
165 2679 289 2734 Ellendt.
294 2681 420 2754 Brutp.
438 2677 506 2736 142
533 2676 589 2731 Sed
609 2677 711 2753 ubique
731 2675 789 2734 fere
806 2673 878 2755 apud
892 2673 1030 2730 retentio

82 2784 126 2856 res
142 2774 170 2819 et
184 2763 246 2818 libri
265 2761 363 2836 scripti
372 2773 398 2818 et
411 2762 496 2835 intpp.
509 2759 648 2816 dissident.

142 2847 311 2918 perveniri]
306 2844 540 2916 rll.percen1i·e,
562 2861 600 2897 sc.
612 2851 716 2917 rentur,
727 2839 802 2915 ¹quis,
823 2849 855 2893 ut
869 2859 912 2915 ap.
929 2837 1031 2894 Graec.

82 2949 135 2997 τις,
148 2929 252 2983 ¹Herm.
267 2929 301 2982 ed
317 2927 380 3001 Vig.
394 2949 422 3002 p.
438 2925 506 2982 739.
530 2925 621 2980 Beier.
636 2923 693 2980 ΟΙΙ.
708 2923 730 2981 Ι.
745 2942 772 2998 Ρ.
788 2921 858 2983 256.
895 2921 951 2976 Sed
965 2939 1030 2976 sen·
1051 2947 1055 2962 ι

82 3011 166 3070 tentia
180 3011 209 3066 in
223 3007 380 3068 uriiversum
394 3005 574 3085 pronunciata
593 3005 728 3080 passivum
740 3003 846 3067 ridetur
862 3005 1010 3078 requirere.

144 3099 198 3152 ced
216 3105 247 3148 ut
262 3093 393 3168 athleta]
413 3094 546 3149 lta‘curn
569 3087 675 3144 Gernh.
692 3089 857 3162 scripsimus.
885 3087 929 3143 Al.
946 3087 1031 3142 aliter.

84 3178 261 3238 Numeri:
274 3187 364 3232 motus
381 3177 414 3230 ad
438 3175 521 3230 decus
543 3171 703 3246 compositi,
729 3181 760 3226 ut
774 3170 835 3237 ΧΙΙ,
854 3169 951 3238 2,12.
980 3167 1031 3222 Se-

84 3279 145 3316 nec.
161 3253 223 3316 vll.
237 3260 327 3316 benef.
344 3259 370 3316 1.
398 3259 480 3362 Heus.
495 3255 553 3313 Off.
547 3276 596 3332 ..Ρ
587 3253 681 3346 .589.
707 3251 828 3312 schmid.
843 3209 912 3308 lide.
925 3251 948 3307 Ι
962 3251 1032 3326 ΕΡΡ.

124 3382 237 3498 ’ᾳιιιΙιη
250 3429 364 3496 optime,
380 3425 480 3496 quam]
505 3421 549 3480 ΑΙ.
564 3421 790 3495 interponuntet,
810 3415 885 3492 quod
900 3411 1035 3475 clausulae
1145 3487 1148 3504 ι

85 3508 205 3582 vigorem
222 3509 329 3582 frengit.
394 3529 397 3536 ·
770 3583 787 3650 1
805 3579 825 3628 *
