2374 3906
33 329 36 332 ’
62 387 67 406 ,
100 336 130 397 5.
203 333 277 400 Non
290 345 367 423 ergo
386 333 512 400 dubium
525 347 580 413 est,
602 331 675 418 quin
689 334 719 396 ei
732 335 812 398 velut
827 357 902 418 opes
914 334 975 398 sint
991 357 1080 422 quse-

95 448 96 456 *
143 421 211 486 dam
242 425 411 507 parandae,
450 423 559 508 quibus
584 423 644 502 uti,
678 423 853 507 ubicunque
883 424 1083 491 desideratum

141 512 210 590 erit,
230 513 336 598 possit,
378 513 444 578 Eae
459 527 596 578 constent
616 513 706 596 copie
727 537 829 578 rernm
845 537 886 577 ac
907 515 1080 579 uerborum.

103 597 134 660 ὃ.
142 602 207 668 Sed
231 626 281 696 res
305 602 448 686 propriae
468 616 539 688 sunt
559 603 704 688 cujusque
729 622 868 682 caussae,
908 617 958 666 sut
975 604 1083 690 paucis
1168 641 1174 658 ι

143 714 335 757 communes:
365 692 461 754 uerba
485 691 520 754 in
543 691 697 755 universus
720 693 870 776 paranda:
900 717 976 776 quse
1001 695 1085 760 siin
1171 691 1177 698 ¹

142 783 235 846 rebus
251 779 383 868 singulis
395 795 495 847 essent
508 780 642 868 singula,
666 779 816 844 minorem
833 805 935 846 euram
951 785 1085 867 postula·
1135 779 1137 786 ’

143 885 227 936 rent:
256 893 327 934 nam
339 884 446 935 cuncta
466 892 532 932 sese
552 893 621 935 oum
635 871 711 962 ipsis
731 871 871 958 protinus
887 873 979 935 rebus
994 873 1084 940 offer-

143 973 219 1022 rent
270 959 333 1022 Sed
354 982 423 1022 cum
444 959 505 1022 sint
527 959 592 1024 eliis
609 960 674 1022 aliar
684 975 741 1024 snt-
749 960 847 1047 magis
863 962 1005 1045 propria,
1035 976 1088 1026 aut

144 1049 242 1136 magis
258 1063 377 1126 ornata,
398 1063 449 1112 aut
460 1051 529 1132 plus
546 1048 717 1128 efficientia,
747 1064 798 1112 aut
811 1049 918 1112 melius
938 1052 1086 1132 sonantia,

146 1139 259 1202 debent
271 1159 336 1200 esse
350 1135 531 1202 non'solnm
544 1153 617 1202 note
636 1139 754 1217 omnio,
775 1139 874 1204 sedin
885 1154 1024 1224 promtu,
1044 1155 1088 1206 at-

82 1290 86 1311 ]
147 1249 225 1312 que,
244 1242 280 1290 ut
296 1227 339 1290 ita
360 1225 476 1306 dicam,
495 1227 530 1290 in
551 1243 735 1311 conspectu,
762 1237 810 1316 nt,
834 1251 903 1316 cum
919 1252 952 1292 se
970 1231 1088 1317 judicio

16 1371 19 1378 .
52 1331 54 1344 ⁴
148 1317 281 1380 dicentisv
297 1317 496 1396 ostenderint,
524 1301 621 1380 facilis
641 1339 676 1379 ex
694 1317 742 1380 his
764 1312 947 1402 optimorum
964 1319 1009 1382 sit
1027 1323 1088 1384 ele-

111 1406 220 1484 zotio.
264 1406 307 1468 Et
325 1427 402 1490 quae
421 1404 720 1492 idemsignilicerent
738 1399 843 1470 solitos
859 1407 924 1472 scio
941 1409 1088 1488 ediscere,

149 1518 210 1582 qno
224 1494 342 1576 facilius
358 1510 388 1559 et
402 1493 576 1566 occurreret
585 1520 679 1558 unum
692 1519 727 1556 ex
739 1497 877 1579 pluribus
885 1543 904 1576 ‚,
917 1511 947 1560 ct
960 1521 1030 1562 cnm
1043 1522 1091 1562 cs·-

148 1585 274 1650 centusi
287 1584 405 1670 aliquo,
427 1585 455 1648 si
470 1587 562 1650 breve
575 1584 655 1648 intra
676 1586 804 1670 spatium
816 1597 920 1648 mrsu's
939 1588 1091 1652 desidere-

148 1687 246 1754 retur,
277 1671 467 1762 effigiendae
487 1673 675 1758 repetitionis
702 1674 799 1761 gretia
825 1691 976 1739 sumerent
997 1678 1091 1756 aliud,

151 1787 213 1850 qno
234 1763 317 1826 idem
334 1763 464 1851 intelligi
481 1758 613 1848 posset'
651 1763 745 1856 Quod
766 1785 835 1828 cum
855 1780 901 1842 est
920 1766 1046 1850 puerile·
1059 1763 1091 1831 et

86 1867 88 1872 “
151 1853 306 1940 cujusdam
322 1851 453 1916 infelicis
474 1873 599 1936 operae,
620 1853 785 1918 tumetium
796 1853 1003 1940 utileparum:
1027 1869 1091 1920 tur-

149 1943 221 2006 bam
236 1941 322 2009 enim¹
331 1941 424 2006 modo
440 1955 625 2029 congregat,
646 1965 682 2006 ex
697 1964 757 2030 qaia
769 1941 836 2006 sine
850 1942 1024 2010 discrimine
1036 1967 1090 2012 oc-

151 2041 242 2118 cupet
254 2030 425 2118 proximum
441 2032 593 2120 qnodque.

219 2195 284 2249 Eae
296 2194 444 2265 constant]
469 2193 510 2250 Ita
526 2171 619 2268 Spatd.
634 2193 770 2250 constituit
783 2193 876 2250 locum
893 2195 923 2252 in
936 2194 1017 2252 codd.
1031 2205 1093 2252 tur-

40 2327 47 2340 ,
150 2277 254 2332 batum.
301 2276 357 2332 Sed
378 2277 520 2352 probanda
541 2276 596 2331 rid.
616 2276 725 2351 egregie
744 2279 879 2333 emendat.
920 2278 1030 2334 Borma
1059 2297 1093 2334 »e

154 2355 245 2432 quib„
266 2359 339 2414 uhic.
351 2355 410 2442 des.¹
423 2377 476 2428 en,
498 2358 583 2432 potiit
597 2358 623 2414 ei
635 2370 759 2415 constare
780 2359 818 2433 (l.
834 2381 858 2417 e.
874 2371 1029 2420 constanter
1039 2381 1092 2438 pa.

153 2451 213 2498 rata
228 2440 298 2512 esse)
313 2459 374 2514 cop.
386 2459 441 2496 rer.
455 2451 481 2496 ct
491 2441 602 2497 verbo«
753 2447 755 2453 ’

215 2541 392 2610 occurreret]
417 2559 447 2594 se
468 2539 587 2595 offerret.
624 2539 680 2594 Pro
695 2541 753 2606 legi
767 2537 810 2595 rix
823 2537 950 2598 Latinum
957 2579 966 2610 ‚
992 2539 1092 2597 Manli.

155 2619 227 2712 elon,
239 2621 298 2674 Lat.
314 2621 353 2678 en.⁴
373 2642 401 2696 p.
417 2619 486 2680 394.
523 2622 692 2698 Quanquam
707 2621 815 2712 Herhst.
827 2621 900 2682 lectt.
914 2623 990 2680 Tull.
998 2644 1027 2699 p.
1040 2623 1092 2683 21.

117 2717 118 2725 ’
153 2685 410 2780 desendiilefertur.
521 2724 523 2728 ⁴
630 2737 637 2754 .
775 2717 778 2724 ·

216 2803 387 2870 congregat]
409 2821 447 2858 se.
460 2801 500 2872 tn,
522 2803 570 2878 qni
583 2801 637 2860 lrac
655 2804 760 2860 ratione
775 2805 867 2861 utitur.
903 2804 937 2862 ln
953 2814 1094 2882 antegres-

155 2881 191 2938 sis
214 2881 312 2956 plurali
333 2886 432 2949 eolt'tos
453 2905 518 2940 usus
540 2897 593 2956 est,
622 2878 758 2943 delabitur
772 2887 802 2943 in
815 2885 995 2964 singularem,
1016 2889 1094 2965 quod

156 2985 241 3040 genus
261 2964 370 3020 dicendi
393 2967 533 3043 utriusque
550 2969 660 3045 linguas
680 2971 856 3045 scriptoribus
876 2989 1023 3028 commune
1044 2983 1092 3030 set.

103 3054 106 3064 '
155 3045 197 3102 Ex
217 3047 343 3104 universo
364 3067 463 3122 genere
487 3071 598 3123 eorum,
633 3053 680 3126 qui
701 3053 738 3108 its
760 3063 844 3129 agunt
864 3072 951 3111 unuin
972 3053 1093 3130 aliquem
1178 3096 1182 3104 -

155 3129 248 3185 animo
275 3129 394 3205 concipit
418 3143 588 3208 segregatum
616 3135 651 3190 ad
674 3153 799 3210 eumque*
819 3135 910 3211 dirigit
930 3137 1092 3194 oraticnem.

154 3209 277 3280 Senties,
300 3232 357 3270 non
377 3223 479 3270 temere
499 3215 554 3273 hoc
566 3217 635 3274 fieri.
675 3217 716 3283 Ut
736 3219 806 3274 Plat·
827 3216 914 3294 Gorg.
927 3241 955 3294 p.
967 3221 1039 3290 278,
1057 3219 1092 3278 Β.

154 3297 296 3370 χαίρουσιν
314 3302 342 3352 ot
356 3296 546 3374 locosvo'pavost
559 3333 602 3346 —
620 3288 736 3375 mailoc
756 3301 809 3376 γὰρ
823 3302 908 3360 morl
923 3301 1091 3362 ἇπαὶλάσσε·

151 3397 210 3442 eus,
230 3375 277 3432 ubi
291 3398 317 3432 r.
331 3377 430 3436 Heind.
472 3381 528 3439 Csr.
543 3382 651 3458 Dionen.
665 3383 746 3440 Pind.
760 3384 806 3438 01.
819 3383 867 3452 lll,
890 3381 938 3442 11.
965 3385 1092 3444 Wessel.

148 3457 251 3515 llerod.
266 3457 288 3530 1,
311 3459 379 3520 195.
414 3463 525 3538 Terent.
539 3461 611 3524 Eun.
624 3465 661 3540 11,
684 3467 712 3539 1,
734 3466 781 3528 19.
809 3463 903 3525 Deris.
915 3467 937 3525 1.
953 3466 1012 3528 cte.
1028 3467 1110 3527 Nat,
