2374 3906
470 47 663 188 ·-,-80
753 153 804 168 -

160 300 249 372 multi
264 300 325 366 sint
344 307 517 389 consecuti,
534 309 590 370 sed
610 308 699 374 etiam
712 309 746 372 in
762 308 912 386 carmine,
934 323 968 372 ut
988 310 1121 414 Antipa-

159 413 210 461 ter
229 391 391 475 Sidonius,
422 411 452 460 et
471 397 610 462 licinius
628 397 774 462 Archias.
809 398 1011 484 (credendum
1034 401 1122 463 enim

162 483 309 550 Ciceroni
322 500 381 548 est:
403 509 468 550 non
482 487 553 572 quia
568 487 681 552 nostris
703 511 826 572 qtroque
844 489 1035 570 temporibus
1053 513 1122 552 non

163 590 195 642 01
208 573 336 638 fecerint
357 575 478 659 quidam
493 579 569 655 hoc,
595 575 760 640 etfaciant
754 581 775 662 .)
800 577 885 660 quod
897 591 997 640 tamen
1013 579 1164 665 ipsum

163 688 229 730 non
247 677 308 733 tam
329 667 488 770 probabile
508 671 636 752 ιιο10,(
622 657 735 752 (neqhe
754 667 835 728 enim
850 667 942 728 habet
955 681 1122 730 autusum
1160 696 1164 731 ι

104 759 157 821 20.
164 777 232 833 res,
256 768 307 816 aut
320 749 541 842 necessitatem)
560 769 650 844 quam
669 755 881 818 exhortandis
871 781 905 816 ιιι
921 757 1000 818 hanc
1019 780 1121 840 spem,

35 863 38 869 ’
165 869 219 930 qur
209 841 306 907 foro
328 860 558 928 praeparantur,
580 845 662 906 utile
686 847 862 928 exemplum.
910 847 1022 928 Neque
1041 869 1120 910 vero

162 947 275 1000 tantam
297 953 362 996 esse
383 957 516 1018 unquam
537 934 679 998 fiduciam
696 933 845 996 facilitatis
862 934 970 1012 velim,
1000 949 1122 998 utnon

163 1025 257 1088 breve
273 1024 377 1088 saltem
390 1039 524 1109 tempus,
547 1023 631 1108 quod
642 1047 790 1106 nusquam
803 1021 866 1086 fere
881 1023 993 1100 deerit,
1016 1025 1058 1086 ad
1074 1047 1121 1102 aa,

165 1136 242 1200 quae
263 1112 417 1175 dictami
393 1137 501 1192 simus,
533 1112 721 1197 dispicienda
741 1136 909 1176 sumamus.
940 1113 1026 1196 quod
1049 1114 1120 1196 qui-

118 1201 265 1268 dem
249 1223 289 1264 ιιι
306 1201 428 1288 judiciis
457 1225 492 1265 ac
514 1199 583 1267 foro
608 1202 694 1264 datur
714 1223 841 1286 semper.
898 1203 1008 1285 Neque
1033 1203 1120 1264 enim

165 1292 403 1378 quisquamst,
432 1291 485 1376 qui
501 1314 651 1368 caussam,
674 1313 763 1374 quam
775 1314 838 1354 non
858 1289 999 1352 didicerit
1006 1307 1165 1379 ,agat

49 1389 51 1392 ’
105 1382 157 1441 01.
163 1381 389 1445 Declamatores
404 1383 552 1466 quosdam
564 1401 705 1466 perversa
719 1380 802 1442 ducit
811 1379 951 1458 ambitio,
974 1395 1010 1442 01
1024 1403 1121 1483 expc-

166 1471 222 1534 sita
247 1469 452 1534 controversia
477 1470 616 1554 protinus
643 1469 745 1534 dicere
770 1469 876 1532 velint:
915 1467 991 1566 quin
1015 1470 1119 1548 etiam,

167 1561 251 1645 quod
267 1573 312 1622 est
332 1559 480 1648 imprimis
500 1557 641 1628 frivdlum
659 1581 694 1620 ac
717 1559 892 1634 scenicum,
918 1559 1047 1620 terbum
1061 1582 1163 1667 ιιι-ἰ

225 1731 323 1799 Antip.
338 1725 448 1803 Sation]
478 1726 511 1782 de
522 1748 586 1802 quo
604 1729 669 1782 circ.
687 1727 732 1782 01.
749 1725 816 1784 145.
832 1726 946 1780 florente
962 1738 989 1780 et
1005 1725 1118 1782 Stoico-

155 1799 227 1866 yrum
245 1809 353 1866 scholae
376 1809 483 1877 dedito,
505 1831 585 1884 quem
605 1829 729 1864 novamus
744 1831 776 1864 ex
790 1807 904 1863 Anthol
919 1809 944 1862 (“
932 1829 986 1878 r,
1015 1831 1041 1863 v.
1057 1809 1117 1865 Cic.
1161 1860 1163 1873 ,

165 1891 212 1947 111.
227 1913 267 1947 or.
283 1893 332 1960 50,
350 1891 426 1960 194,
446 1893 560 1948 ubiclr.
575 1892 700 1946 Mueller.
778 1913 780 1924 ·

127 2011 147 2037 ι,
230 1981 289 2036 La'c.
304 1980 402 2057 Areia]
425 1980 459 2036 A.
474 1979 531 2039 Lic.
548 1980 633 2038 Arch.
648 1981 808 2048 Antiochia,
835 1953 931 2053 Syriae
950 1979 1035 2047 urbe,
1057 1982 1117 2035 ori·

143 2089 144 2094 ¹
165 2063 254 2118 undus
272 2063 411 2143 Ciceronis
426 2075 548 2137 tempore
564 2064 668 2118 floruit:
690 2085 771 2138 quam
786 2073 888 2115 tamen
893 2063 974 2136 vulgo
991 2061 1049 2116 Cic.
1042 2084 1115 2136 .pro

165 2145 250 2202 Arch.
266 2147 356 2201 serunt
379 2147 545 2214 orationem,
572 2145 743 2200 admodum'
735 2145 825 2217 Jejuna
842 2155 881 2198 est
902 2156 928 2198 et
946 2140 1006 2216 jure
1025 2165 1116 2218 nuper

167 2227 319 2299 abjudicata
335 2229 455 2297 auctori,
479 2249 504 2282 v.
519 2227 616 2283 Matth.
633 2229 667 2294 ad
683 2248 744 2286 eam
759 2249 786 2302 p.
801 2227 863 2282 292
879 2237 925 2299 sq.
961 2225 1116 2283 Assentitur

166 2310 320 2368 dubitanter
331 2309 438 2366 Wolff.
453 2311 482 2364 in
495 2309 587 2364 transl.
605 2309 698 2364 Germ.
714 2331 741 2383 p.
758 2309 826 2366 469.

219 2397 349 2474 saciant]
370 2391 465 2481 Burrp.
479 2399 577 2472 respici
590 2410 666 2472 putat
680 2399 795 2454 Statium
810 2409 836 2452 et
850 2397 1016 2470 Martialem.

226 2495 324 2540 tamen
348 2485 496 2562 quod]:
516 2487 564 2541 sed
586 2487 658 2584 quia.
713 2487 757 2546 Ab
780 2485 968 2544 anacoluthiae
989 2487 1115 2558 crimine,

164 2566 246 2622 nimis
259 2567 431 2624 liberaliter
423 2589 452 2626 ιιι
467 2579 528 2624 vett.
545 2569 669 2642 conjecto
683 2569 797 2646 Herzog.
812 2548 964 2627 vindicavit.
984 2567 1030 2624 Al.
1047 2575 1118 2642 quid

165 2651 292 2704 tamen
279 2670 381 2721 ιριιιιιι.

228 2737 413 2837 dr'spici‘aenda]
433 2739 636 2815 Dispiciuutur‚
664 2723 734 2816 quae
753 2763 809 2798 non
824 2736 882 2802 sine
897 2760 997 2814 magna
1018 2713 1116 2798 corilo-
1160 2804 1162 2815 Ι

166 2839 229 2875 mm
244 2823 416 2878 contentione
430 2836 586 2893 cernuntur,
607 2823 673 2892 Eru.
689 2823 764 2880 Clav.
778 2825 845 2895 Cic..
868 2847 893 2881 ι.
907 2824 1028 2880 Waleh.
1045 2826 1115 2882 Tac.

166 2893 247 2977 Agr.
227 2925 276 2978 ..ιι
295 2904 361 2962 187.
385 2903 442 2959 011.
457 2905 514 2962 cic.
528 2907 608 2962 Fiuu.
602 2928 649 2980 ..p
667 2907 735 2964 172

229 2992 464 3073 quodquidam]
479 3015 517 3050 se.
535 3016 642 3054 sumere
662 2987 848 3072 tampades
870 2997 983 3072 quaed.
1005 3018 1028 3053 s.
1044 2998 1113 3072 disp.

167 3071 208 3128 Ita
227 3093 307 3148 saepe
320 3096 446 3150 pronam.
440 3076 537 3132 .relat.
557 3089 645 3134 neutr.
660 3090 747 3140 toturn
763 3082 936 3136 enunciatum
954 3081 1115 3154 complecti-

160 3165 226 3221 tur,
247 3177 272 3211 ι.
286 3157 383 3214 Matth.
400 3158 457 3214 Cic.
477 3159 544 3214 Sull.
559 3161 660 3228 XXIV,
677 3163 725 3220 68.
747 3162 796 3217 Gr.
812 3164 861 3218 Gr.
877 3184 905 3238 p.
897 3161 989 3220 ..804

226 3245 353 3324 corbilio]
376 3267 462 3304 vanae
484 3247 586 3322 gloriae
607 3251 759 3320 affectatio,
788 3253 891 3325 quade
906 3273 973 3310 voce
990 3275 1015 3310 v
1031 3253 1113 3318 Heus.

168 3325 326 3384 (1101010.
341 3331 393 3405 30
412 3331 440 3385 9.
468 3329 584 3387 Daehne
596 3333 665 3408 Nep
679 3333 763 3388 Dion.
777 3335 812 3410 11,
826 3337 855 3390 2.

223 3416 375 3496 fribolum]
396 3417 468 3474 Fert.
488 3439 510 3475 s.
531 3441 555 3479 ι.
575 3423 707 3478 »Frivola
722 3434 785 3478 sunt
804 3425 914 3498 proprie
939 3445 1002 3482 vasa
1021 3425 1111 3482 fictilia
1163 3472 1165 3483 .
