2374 3906
377 111 795 204 -.-ιι-“

64 327 115 392 lus
143 338 207 390 erat
226 305 388 400 existimari
408 289 597 412 praeclusam
614 325 706 390 uobis
730 325 924 425 aptioribus
945 324 1033 393 viem

64 419 165 482 Nunc
183 437 256 480 vero
281 411 517 479 innumerabiles
536 429 606 478 suut
625 415 727 494 m'ctli·²
750 409 975 519 plurimaeque
979 435 1031 482 eo·

65 507 144 570 dem
164 504 231 568 riae
254 505 376 568 ducunt
435 501 497 568 S'ua
519 503 659 566 brevitati
684 503 799 594 gretia,
829 528 883 568 sua
900 502 1029 588 copiae·
1037 512 1068 576 8

66 595 128 658 alia
153 594 301 657 translatis
322 593 432 672 virtus,
463 593 520 656 alia
541 593 684 676 propriis.
735 593 805 658 Hoc
826 593 922 660 oratio
936 608 1029 674 recta,

65 683 148 747 illud
166 682 265 769 figura
288 682 437 760 declinata
454 683 653 748 commendat.
697 679 766 765 Ipsa
786 683 918 768 donique
932 683 1028 751 utilis·

65 774 147 836 sima
174 786 220 834 cst
241 771 446 836 exercitationi
467 772 630 835 difficultas.
683 769 790 864 Quid?
821 774 906 864 qsrod
924 787 1027 838 aucto·
1069 794 1075 805 “

64 883 119 926 res
143 859 264 922 maximi
288 860 331 926 sic'
353 861 526 948 diligentius
548 863 800 948 cognoscamur?
850 864 924 926 Non
945 863 1025 926 euim
1086 863 1090 872 '
1118 885 1122 890 ·
1151 939 1152 948 ¹

65 949 186 1034 scripta
208 949 341 1012 lectione
364 974 471 1014 secura
500 949 749 1016 transcurrimus·
787 951 843 1012 sed
864 966 1025 1016 tractamus

67 1039 208 1126 singula,
231 1053 261 1102 et
272 1061 443 1104 necessario
462 1039 708 1122 introspicimus,
736 1053 784 1118 ct,
807 1056 950 1124 quantum
965 1041 1025 1104 vir·

63 1129 141 1193 tutis
158 1128 302 1206 habeant,
326 1129 374 1191 vel
390 1129 476 1191 hoc
466 1152 535 1215 rpso
552 1125 785 1218 cognoscimus,
809 1129 924 1214 quod
914 1129 1026 1199 imitari

65 1242 133 1284 non
134 1217 373 1303 possumus.

155 1307 223 1370 Noc
234 1306 332 1368 aliena
348 1291 460 1371 tuntum
474 1303 645 1384 transferre,
669 1305 725 1368 sed
739 1303 828 1370 etiam
841 1319 944 1369 nostra
956 1307 1022 1392 plu-
1030 1313 1061 1376 9.

66 1395 155 1458 ribus
176 1395 276 1458 modis
293 1409 421 1458 tractare
422 1394 587 1480 Ριοᾶιιίιι
609 1409 643 1457 ut
660 1415 696 1458 ex
710 1393 858 1456 industria
871 1417 1023 1468 sumamus

66 1483 230 1546 sententies
253 1484 414 1572 quasdam,
455 1505 565 1568 easque
589 1504 742 1546 versemus
769 1507 859 1586 quam
881 1502 1022 1550 numero·
1082 1514 1084 1524 ·

67 1572 204 1650 sicsine,
232 1543 315 1636 velut
334 1573 439 1638 eadem
462 1571 586 1639 cerain
608 1571 680 1636 alias
701 1585 791 1658 etque
816 1571 888 1636 alias
908 1572 1021 1638 formas
1100 1619 1102 1628 ι

68 1659 142 1726 duci
159 1663 244 1725 solet.
424 1679 445 1716 .·
1111 1661 1117 1686 ·’

108 1745 186 1814 ll
214 1750 381 1814 Plurimum
408 1763 507 1812 autem
526 1748 628 1852 pauori
653 1747 801 1814 facultatis
821 1748 957 1814 ιιίιιίιιιο
982 1757 1077 1817 erlo.

68 1838 293 1924 simplicissima
314 1861 432 1925 quaque
451 1838 583 1902 materia.
633 1839 748 1902 Nem
738 1863 772 1902 ιιι
792 1839 842 1902 alla
861 1837 1020 1924 multiplici

64 1951 289 2012 personarum,
331 1951 532 2004 caussarum,
569 1944 778 2030 temporum,
790 1929 943 2004 locorum,
975 1931 1020 1992 di-

70 2035 203 2095 ιιοιιιιι,
230 2021 397 2099 factorum
418 1975 586 2080 diversitate
604 2016 693 2080 facile
719 2001 875 2080 delitescet
894 1975 1055 2080 iniirmi-

67 2120 131 2185 tas,
153 2120 199 2170 tut
211 2128 244 2170 se
256 2107 391 2192 undique
405 2106 513 2184 rebus,
534 2125 569 2167 ex
582 2103 692 2188 quibus
708 2105 839 2192 aliquem
852 2107 1020 2190 apprehen-

71 2195 143 2273 das,
165 2193 369 2260 offerentibus.
410 2195 487 2258 lllud
506 2193 622 2256 virtutis
636 2193 784 2258 iudicium
799 2209 861 2272 est,
881 2193 1078 2274 liundorum.

70 2306 147 2388 qtree
166 2299 272 2348 natura
288 2297 442 2348 contracta
462 2297 547 2362 sunt,
567 2305 693 2386 augere
711 2305 818 2369 parva,
848 2283 1019 2388 varietatem

70 2368 234 2461 similibus,
267 2376 451 2458 voluptatem
472 2371 633 2457 expositis
630 2374 727 2451 dare,
759 2385 789 2436 ιι
811 2372 891 2436 bene
916 2372 1018 2438 dicere
1083 2425 1086 2434 ,

69 2455 161 2528 multa¹
180 2464 218 2527 ds
231 2463 347 2548 paucis.
389 2462 425 2598 ΙιιΙ
437 2463 499 2526 hoc
514 2461 628 2548 optime
643 2459 756 2526 facient
767 2462 909 2602 icfiuitae
924 2486 1019 2548 quae·

133 2624 219 2680 Nunc
234 2623 316 2698 cero]
337 2621 432 2679 Gr.
401 2643 446 2680 ιυι
458 2625 503 2689 δέ,
524 2627 558 2697 fo
566 2623 642 2690 olet.
671 2557 746 2698 quod
766 2621 914 2696 praecipue
925 2641 1018 2676 enun-

72 2705 180 2766 elationi
200 2705 383 2761 condicionali
403 2707 551 2780 opponitur
572 2705 692 2778 (Blume.
712 2705 779 2778 Lyc.
793 2704 891 2758 Leocr.
911 2725 938 2778 p.
956 2703 1017 2780 60.)

72 2803 127 2864 ιΡιο
143 2799 169 2844 ιι
189 2787 317 2844 condicio
338 2797 453 2863 negetur
468 2799 495 2843 ιι
515 2807 558 2843 ιιι
579 2789 657 2862 ipse,
682 2807 708 2842 ι.
730 2785 829 2842 Marti.
851 2785 910 2842 Cic.
932 2783 1017 2853 Atell.

73 2869 169 2945 §.a
127 2955 231 3030 figura
247 2951 363 3026 declim]
376 2953 431 3023 fig.
446 2962 485 3008 est
501 2928 597 3020 ablat,
621 2953 692 3005 decl
706 2947 811 3004 nomin.
856 2971 858 2982 ·

66 3095 68 3100 ,
132 3049 180 3099 cel.
194 3044 258 3096 ead.
273 3059 329 3094 cer
343 3059 374 3094 m
388 3043 464 3094 actm
484 3051 571 3110 utque
584 3038 760 3106 atimsorm.
777 3033 894 3110 ducis]
914 3032 959 3090 Al.
972 3054 1019 3088 ce·

75 3127 117 3178 lut
128 3132 227 3180 eadem
243 3141 313 3175 cera
327 3125 403 3174 clim
418 3131 505 3191 atque
517 3123 720 3191 alrbcsormue
735 3121 803 3174 duci
814 3121 916 3174 solent.
955 3115 1019 3172 Du-

75 3225 189 3266 cere:
203 3203 332 3267 ccciccc,
351 3202 512 3260 v.Sclr1uid.
527 3202 643 3258 Houtt
655 3200 725 3274 ΕΡΡ
717 3219 768 3276 Ρ
760 3198 853 3258 ..141

134 3285 283 3360 expositas]
304 3285 427 3338 omnium
442 3285 527 3340 oculis
540 3283 701 3360 patentibus.

134 3367 278 3442 infinitae]
298 3387 355 3422 non
368 3366 491 3442 alligatae
505 3367 540 3422 ad
556 3379 642 3423 certas
651 3362 783 3440 quasdam
791 3379 932 3436 personas,
950 3369 1022 3416 tem·

75 3471 153 3524 pora,
175 3453 245 3508 loca.
