2374 3906
438 45 530 123 ·...*
582 69 661 145 Μ
753 109 818 150 -1

161 277 255 350 paret.
300 263 363 328 Sed
374 263 511 328 samanar
532 265 661 330 aliomm
681 283 818 350 quoque,
841 280 872 328 et
891 267 1007 333 inventi
1024 269 1120 350 forte,

162 367 200 416 ιιι
213 375 265 418 eos
284 353 417 418 dionante
438 355 566 438 quisque
586 371 820 443 composuerat,
844 370 873 418 et
890 357 923 418 in
945 358 1047 421 libros
1071 361 1120 423 di-

164 443 258 530 gesti,
280 458 314 506 ut
329 461 500 508 caussarum
517 467 593 529 qrrae
610 460 679 508 sunt
695 460 778 508 aotae
793 467 810 507 a
827 444 934 512 Sei-vio
951 443 1119 532 Sulpicio.

165 533 250 618 eujus
271 547 332 596 tres
347 534 499 598 orationes
516 549 644 596 exstant·
670 534 763 596 sed'
742 559 781 614 11,
806 535 844 597 de
865 535 975 638 quibus
987 537 1121 620 loquor,

165 624 373 685 commentarii
391 623 432 686 ita
450 639 519 686 sunt
533 624 642 702 erasti,
666 639 700 686 ut
721 623 784 686 ab
774 647 844 709 rpso
859 625 958 686 mibi
948 649 981 686 ιιι
994 649 1121 690 memo-

106 710 239 778 tlaiam
259 713 443 815 posteritatis
465 713 621 780 videantur
641 734 706 776 esse
727 711 898 797 oom'positi.
952 715 1034 776 Nam
1063 714 1122 778 Ci-

164 802 284 864 ceronis
300 803 499 888 adpraesens
517 803 610 866 modo
628 816 750 886 tempus
761 818 878 886 aptatos
889 801 1026 866 libertus
1036 806 1119 870 'I'iro

120 935 123 948 .
165 891 325 954 contraxit:
357 913 433 976 quos
455 913 519 984 non
536 891 608 956 ideo
630 915 756 970 excuso,
788 893 858 977 quia
878 917 943 956 non
967 895 1122 976 probem,

164 981 220 1042 sed
242 994 275 1043 ut
297 981 357 1043 sint
373 976 472 1068 magis
496 979 695 1046 admirabiles.
746 983 781 1044 ln
804 983 864 1044 boc
886 1003 999 1070 genere
1020 1005 1121 1066 pror·

164 1093 231 1132 sus
226 1071 356 1154 recipio
384 1071 463 1133 hano
491 1072 616 1134 brevem
642 1071 882 1176 annotationem,
918 1071 1120 1156 libellosque,

166 1181 218 1242 qur
209 1158 280 1221 rel
297 1183 387 1222 manu
404 1175 574 1239 teneantur,
604 1175 635 1223 et
655 1161 694 1224 ad
716 1185 793 1246 quos
815 1161 936 1246 interim
957 1161 1119 1244 respicere

106 1246 157 1306 32·
163 1247 208 1310 fas
226 1249 285 1312 sit.
313 1249 405 1326 illud,
399 1249 524 1334 quod
533 1251 651 1337 Laenas
670 1251 836 1334 praecipit,
865 1249 1005 1334 displicet
1023 1251 1117 1330 mibi,

165 1361 241 1421 quae
257 1329 483 1427 scripserimus,
506 1338 538 1400 in
553 1362 682 1402 summas
704 1339 989 1404 commentariorum
1009 1354 1045 1401 et·
1063 1363 1117 1403 oa-

163 1427 226 1511 pita
242 1416 395 1492 conferre!
419 1428 492 1492 facit
509 1429 590 1494 enim
603 1444 633 1492 et
649 1426 786 1492 dicendi
799 1430 1019 1517 negligentiam
1033 1427 1117 1494 haee

165 1588 199 1642 ad
214 1589 375 1644 memoriam
390 1590 545 1660 juvandam.
586 1592 630 1647 De
645 1611 705 1647 roc.
718 1591 767 1646 cfr.
783 1591 897 1666 Herzog.
913 1591 1017 1648 dissert.
1027 1611 1116 1664 prae-

99 1735 104 1744 ·
163 1673 273 1726 missam
289 1667 366 1726 Caes.
384 1673 416 1726 B.
434 1671 504 1728 Gall.

228 1753 307 1808 Sera.
322 1752 414 1830 Sulp2]
434 1776 458 1807 v.
473 1755 494 1822 l,
517 1754 584 1814 116

226 1833 332 1910 exacta]
357 1835 484 1910 persecti3
504 1837 643 1893 translatio
660 1839 742 1912 petita
766 1839 799 1892 ab
822 1839 960 1905 examine,
982 1857 1051 1910 quae
1074 1847 1115 1890 est

164 1939 226 1992 pars
239 1917 370 1986 trutinae,
394 1919 529 1993 Porphyr.
543 1921 609 1974 Hor.
626 1920 660 1974 A.
675 1921 707 1974 Ρ.
725 1921 785 1976 71.

227 1997 355 2076 aptatos]
377 2001 513 2056 Nimirum
526 2003 660 2057 orationes
668 2003 855 2057 scribebantur
867 2012 928 2074 post
935 2012 1024 2070 actam
1033 2021 1113 2056 caus-

148 2101 240 2148 sam,
270 2093 347 2136 antea
367 2085 476 2139 nonnisi
492 2085 679 2140 commentarii
695 2083 916 2140 conficiebantur.
965 2084 1112 2138 Orationes

165 2165 255 2218 minus
276 2167 440 2238 approbatae
455 2187 512 2222 non
531 2169 755 2236 elaborabantur,
783 2163 831 2221 sed
847 2167 1070 2239 relinquebantur
1083 2169 1112 2220 in

147 2305 149 2311 ,
166 2249 384 2316 commentariis,
413 2269 481 2322 quos
496 2261 521 2318 et
542 2251 614 2323 ipsos
635 2250 730 2320 Quint.
750 2261 843 2305 tamen
858 2249 1037 2304 admiratura
1053 2248 1111 2304 Cic.

164 2329 318 2398 conlectos,
339 2351 363 2385 v.
378 2331 494 2387 Ellendt.
509 2353 536 2406 p.
552 2331 637 2386 XCII.

86 2437 88 2448 ι
156 2425 162 2432 ’
198 2409 200 2418 “
226 2411 342 2488 excuso]
371 2413 484 2488 Herzog.
505 2413 710 2488 interpretatur:
732 2430 799 2488 quos
820 2413 857 2468 ita
877 2423 1030 2468 contractos
1053 2431 1112 2467 esse

166 2513 223 2549 non
244 2494 306 2548 ideo
323 2515 524 2566 commemoro,
551 2508 582 2552 ut
596 2497 748 2571 vituperare
762 2495 871 2563 videar,
892 2495 939 2549 sed
954 2507 984 2548 ιιι
1001 2515 1032 2550 ex
1046 2515 1110 2549 vero

166 2576 347 2632 aestimentur.
387 2580 541 2635 Excusare
554 2595 690 2653 saepe..
705 2579 745 2634 rei
761 2599 883 2634 caussam
900 2578 1006 2633 afferre.
1033 2577 1112 2668 lleld.

168 2658 287 2714 Caes.b.
307 2653 519 2729 civ.111,20

228 2747 258 2796 in
274 2748 327 2796 boc
338 2741 415 2820 gen]
439 2743 612 2818 extemporali
624 2741 759 2799 facultate.

226 2825 354 2900 Laenas]
376 2826 498 2900 Popilius
514 2827 670 2884 universam
685 2825 850 2881 rhetoricam
866 2826 966 2902 scripto
984 2843 1114 2900 persecu-

163 2913 205 2960 tus
226 2927 282 2962 csse
297 2908 418 2978 videtur,
439 2929 465 2962 v.
479 2909 572 2984 Spald.
586 2910 619 2964 ad
635 2909 682 2976 lll,
701 2909 727 2976 1,
744 2909 792 2966 21.

117 2989 121 3000 ’
230 2995 260 3044 in
275 3010 405 3046 summas
418 2995 693 3048 commentariorum
709 3003 737 3044 ct
754 2993 851 3060 capita
865 2989 953 3066 conſs]
974 2990 1052 3044 Hera.
1068 3008 1113 3042 se-

168 3090 246 3143 quor.
263 3073 376 3142 Quintil.
397 3075 520 3148 displicet
534 3075 682 3146 contractio
701 3073 743 3128 vel
764 3074 1039 3140 commentariorum,
1066 3070 1114 3144 qui

167 3167 230 3211 sunt
249 3167 404 3212 connectas
418 3157 563 3212 orationes.
607 3156 663 3212 Cur
680 3158 716 3211 ita
732 3151 836 3223 saciat,
848 3177 907 3230 sqq.
922 3157 1030 3210 docent.
1067 3152 1112 3208 Al.

166 3239 197 3291 s'n
218 3243 350 3294 summas
367 3243 425 3295 stae
446 3244 669 3295 commentarios
691 3251 718 3292 et
740 3241 851 3308 capita,
884 3239 919 3293 al.
942 3257 995 3292 nec
1015 3241 1045 3290 in
1059 3239 1112 3298 bas,

167 3339 242 3388 quae
255 3341 311 3374 aar.
319 3358 329 3386 ,
351 3326 433 3377 aelim
445 3341 576 3378 summas
592 3325 622 3376 t'n
637 3325 876 3378 commentarium
890 3333 918 3374 et
933 3323 1030 3390 capita
1045 3339 1113 3372 ann-

159 3403 247 3466 serm'.
309 3461 314 3468 ,

851 3525 860 3550 b
