2374 3906
388 153 721 224 ..55-

76 358 191 422 tentes,
220 343 506 426 exspectaverimus,
537 343 611 430 quid
631 341 788 421 obveniat,
818 345 872 407 aad
890 347 963 430 quid
978 371 1028 409 res
1050 355 1054 366 ¹

75 447 201 517 poscat,
223 433 299 536 quid
316 453 479 517 personam
495 435 616 514 deccat,
646 435 731 520 quod
752 433 791 496 sit
810 445 944 518 tempus,
970 437 1027 522 qui

75 523 206 612 judicis
206 523 340 601 animus,
361 523 478 602 intuiti,
502 525 632 588 humano
646 525 781 627 quodam
791 524 884 586 modo
899 525 938 586 ad
953 525 1027 588 scri-

74 585 213 676 benduni
230 612 456 676 accesserimus.
498 613 551 676 Sic
565 615 656 676 nobis
672 627 703 676 et
715 611 817 689 initia,
838 626 867 674 et
875 613 965 714 'quod
981 633 1027 676 se-

8 755 12 766 .
77 700 195 786 quitur,
218 717 324 764 natura
336 723 401 784 ipsa
409 701 603 806 praescribit.
648 699 738 768 Certa
752 700 914 764 suntenim
927 703 1025 786 plera·
1035 709 1085 770 16.

76 813 154 875 que,
177 804 225 868 ct,
242 789 307 852 nisi
325 791 553 870 conniveamus,
575 792 609 854 in
624 790 753 856 andos
743 805 916 853 moun-unt:
929 791 1025 856 ideo·

75 901 139 964 que
156 901 214 941 nec
235 879 354 942 indocti
373 902 431 942 nec
454 881 560 944 rustici
583 880 634 942 diu
658 893 820 984 quaesunt,
847 880 957 944 unde'
947 880 1024 943 anci·
1073 933 1076 938 .

72 969 177 1053 piant.
201 991 262 1052 quo
275 969 451 1052 pudendum
472 985 518 1033 est
535 970 652 1058 magis,
686 993 712 1032 ει
703 966 931 1032 difficultatem
952 968 1045 1033 facit
1113 1046 1117 1055 Ι

75 1057 224 1122 doctrina.
274 1059 357 1122 Non
380 1080 456 1146 ergo
479 1079 601 1143 semper
617 1073 757 1142 putemus
778 1056 925 1142 optimum
947 1073 1023 1138 esse,

75 1148 162 1231 quod
179 1147 267 1224 latet3
301 1147 544 1210 immutescamus
556 1148 691 1234 alioqui,
720 1171 747 1210 ιι
737 1147 836 1210 nihil
860 1145 1042 1210 dicendum

72 1235 278 1314 videatur,
247 1259 308 1298 msa
297 1234 406 1322 quod
421 1259 484 1300 non
500 1237 679 1328 invenimus.

163 1323 325 1388 Diversum
345 1340 390 1388 est
406 1325 478 1388 huic
500 1321 605 1390 eorum
621 1327 742 1401 vitium,
773 1323 825 1408 qui
846 1325 947 1409 primo
971 1326 1082 1402 tle-17,

73 1435 198 1476 σιιιιοιιι
213 1437 270 1498 per
281 1413 436 1477 materiam
450 1415 517 1478 stilo
535 1437 625 1498 quam
641 1413 833 1478 uelocissimo
850 1416 969 1492 volunt,
992 1427 1023 1477 et

70 1518 233 1586 sequentes
263 1505 396 1566 calorem
422 1519 512 1592 atque
542 1505 688 1588 impetum
720 1524 755 1566 ex
778 1517 915 1586 tempora
946 1504 1022 1565 scri-

68 1593 165 1670 bunt3
186 1594 265 1654 hano
287 1594 400 1655 siluam
418 1607 545 1657 vocant:
575 1607 716 1677 repetunt
739 1591 866 1670 deinde,
889 1606 919 1654 et
937 1615 1021 1655 oom-

48 1683 50 1688 ’
67 1696 208 1766 ponunt,
227 1704 312 1785 quae
321 1681 502 1745 effuderant·
527 1683 583 1746 sed
595 1684 687 1745 verba
709 1639 903 1744 emendanlur
916 1695 946 1743 et
965 1703 1021 1744 nu-

67 1770 167 1848 meri,
190 1786 290 1834 manet
302 1769 336 1834 in
355 1772 448 1833 rebus
463 1787 576 1834 temere
597 1771 767 1858 congestis,
790 1770 953 1857 quaesiuit,
976 1771 1020 1831 le·

66 1859 153 1922 vitas.
198 1861 341 1922 Protinus
355 1881 430 1949 ergo
444 1859 589 1925 adhibere
603 1882 706 1924 curam
719 1859 831 1922 rectius
847 1859 913 1936 erit,
931 1873 1019 1946 atque
1031 1869 1080 1931 18,

69 1949 138 2010 ab
129 1949 216 2012 mitio
235 1950 280 2012 sic
298 1971 375 2032 opus
398 1951 524 2052 ducere,
554 1963 589 2012 ut
611 1949 801 2025 caelandum,
831 1969 895 2010 non
918 1969 952 2008 ex
975 1947 1020 2008 in-

67 2053 160 2126 tegro
181 2037 392 2102 fabricandum
413 2039 459 2100 sit
510 2039 682 2126 Aliquando
704 2052 805 2100 tamen
828 2035 951 2098 affectus
974 2058 1021 2098 se

68 2128 208 2215 quimur,
238 2127 272 2190 in
293 2128 404 2220 quibus
426 2127 489 2190 fere
509 2129 595 2212 plus
602 2127 702 2205 calor,
737 2147 828 2213 quam
855 2124 1020 2212 diligentia,

65 2219 155 2280 valet
367 2277 370 2284 .

158 2292 237 2370 Satis
251 2319 377 2390 apparet
390 2327 426 2367 ex
438 2324 493 2383 eo,
517 2303 602 2391 quod
613 2303 693 2368 hanc
710 2301 906 2366 scribentium
922 2302 1020 2390 negli-

67 2391 209 2498 gentiam
223 2395 350 2472 damno,
374 2395 449 2482 quid
469 2353 507 2458 de
521 2394 580 2458 illis
595 2393 729 2458 dictandi
747 2391 863 2456 deliciis
883 2392 1018 2456 sentiam.

67 2484 176 2549 Nam
166 2508 201 2546 ιιι
222 2485 291 2548 stilo
312 2484 437 2572 quidem
458 2483 624 2572 quamlibet
637 2495 801 2566 properato
820 2483 872 2545 dat
887 2481 1077 2570 aliquaml9.

67 2573 249 2669 cogitationi
266 2597 383 2637 moram
396 2597 460 2638 non
475 2595 665 2662 consequens
681 2571 905 2634 celeritatem
880 2593 943 2657 ejus
958 2593 1020 2634 ma·

56 2767 60 2774 -
128 2738 181 2806 qui
192 2737 371 2806 sitjud.·.:]
387 2735 481 2808 qualis.
530 2735 606 2804 Quid
626 2732 732 2792 intersit
746 2732 817 2788 inter
837 2734 900 2803 qaut
920 2743 948 2786 at
971 2735 1022 2802 qai

66 2817 170 2894 optime
187 2816 281 2872 docuit
292 2817 377 2872 Kritz.
395 2819 460 2873 salt.
477 2817 536 2872 Cat.
552 2815 602 2885 44,
616 2815 645 2872 5.

128 2901 242 2970 savam]
265 2899 315 2954 Gr.
328 2897 399 2969 (11η,
413 2922 438 2953 ι.
448 2899 592 2953 Schirnch.
607 2897 665 2953 Cic.
679 2919 719 2952 or.
733 2899 763 2965 3,
785 2897 831 2954 12.

130 3001 203 3052 opus
220 2985 335 3054 ducere]
356 2981 518 3056 Metaphora
534 2991 641 3052 surnpta
658 2981 691 3034 ab
709 2979 871 3045 artificibus,
898 2977 944 3051 qui
958 2978 1017 3032 sor·

67 3083 127 3120 mas
141 3065 248 3138 lingunt
263 3085 294 3124 ex
308 3065 422 3123 materia
436 3063 521 3132 molli,
540 3073 571 3118 ut
582 3062 674 3140 Virg.
674 3062 745 3118 Αιιι.
760 3061 822 3128 Vll,
840 3059 909 3118 634.
923 3057 1017 3120 ocreas

66 3147 141 3202 leuto
156 3147 259 3201 ducunt
269 3157 390 3222 argento.

131 3232 288 3301 sequimur]
308 3219 447 3284 affeci-ibus
459 3245 595 3302 paramus,
615 3227 800 3300 obtequimur,
819 3235 849 3278 ιιι
864 3223 983 3282 dicitau'
975 3244 1019 3278 ιιι-

69 3313 166 3368 ertiam
183 3312 314 3386 sequi:
327 3312 441 3368 inertiae
455 3331 484 3366 se
498 3309 606 3364 dedere
646 3309 692 3364 Al.
705 3327 864 3378 sequemur.
922 3305 924 3312 '

131 3397 263 3450 ductandi
268 3395 358 3465 delio]
381 3395 473 3464 Quem
481 3413 587 3448 morem
597 3393 653 3463 jam
662 3392 708 3446 diu
717 3402 779 3446 ante
790 3387 918 3460 Quint.
895 3385 1020 3460 viguisse,

68 3477 149 3533 docet
165 3477 317 3552 exemplum
334 3498 377 3552 ap
369 3476 451 3532 Cic.
468 3477 545 3532 Brut.
562 3477 612 3542 22,
626 3477 674 3530 87.
