2374 3906
403 57 899 184 --81·---ιὶ

6 292 10 302 r
90 269 171 334 tant,
195 274 256 338 quio
278 249 434 336 incipiant
479 249 542 316 Sed
560 251 876 318 tam'contumelicsos
898 255 930 320 in
950 279 982 322 se
1002 259 1043 321 τί·-

83 347 146 408 'det
163 343 291 408 invicem
316 339 502 425 eloquentia:
526 342 621 425 etqui
641 343 737 406 stultis
751 343 848 406 tideri
866 346 975 410 cruditi
989 369 1042 412 vo·

89 437 173 512 lunt,
200 432 286 496 stulti
301 431 426 494 eruditis
445 430 627 534 judicantur.
677 431 713 494 Si
729 455 788 517 qua
806 447 906 498 minen
922 433 1041 502 fortuna
1049 448 1100 505 22.
1171 427 1173 434 Α

91 539 154 587 tam
167 523 297 586 subitam
311 520 419 584 fecerit
431 521 543 608 agendi
556 521 773 600 necessitatem,
792 524 954 589 mobiliore
966 550 1041 610 quo-

92 615 163 676 dam
177 635 253 696 opus
273 609 331 674 erit
345 609 489 698 ingenio,
520 624 550 674 et
563 610 608 672 vis
625 611 729 674 omnis
742 612 924 676 intendenda
938 615 1041 694 rebus,
1106 676 1110 682 ,

89 703 168 766 etin
186 699 358 786 praesentia
372 700 585 763 remittendum
606 699 720 783 aliquid
734 723 770 766 ex
785 723 855 766 eura
868 706 1081 784 verborum,

90 792 119 854 si
144 813 293 874 consequi
313 801 474 872 utrumque
501 812 564 854 non
592 790 720 856 dabitur.
774 793 854 860 Tum
873 807 903 856 ct
925 795 1040 868 tardior

87 879 303 966 pronunciatio
326 899 427 944 moras
447 879 555 956 hahet,
585 894 616 942 et
637 875 782 964 suspensa
800 904 835 946 ao
849 885 929 946 velut
948 884 1038 948 dahis
1069 907 1072 914 ’

89 985 157 1033 tans
178 969 292 1035 oratio:
322 982 357 1032 ut
379 983 478 1030 tamen
501 969 684 1047 deliberare,
716 992 783 1034 non
802 972 971 1051 haesitare
996 974 1039 1036 vie

91 1056 224 1124 deamur.
274 1059 362 1137 Hoc,
388 1058 461 1120 dum
481 1058 659 1145 egredimur
675 1079 692 1120 e
711 1074 819 1142 portu,
848 1062 875 1122 si
888 1085 947 1125 nos
962 1073 1039 1127 non
1047 1072 1100 1131 23.

90 1149 164 1212 dum
177 1147 285 1232 aptatis
297 1147 371 1210 satis
387 1146 577 1210 armamentis
595 1161 670 1236 aget
682 1163 805 1212 ventus.
828 1151 945 1224 deinde
956 1154 1039 1238 paula

88 1238 173 1301 latim
199 1237 288 1302 simul
303 1251 413 1302 euntes
430 1236 598 1320 aptabimus
617 1239 697 1316 vela,
721 1253 759 1302 et
777 1239 972 1324 disponemus
989 1267 1038 1328 ruf

90 1329 212 1406 dentes,
238 1342 268 1390 et
284 1325 448 1411 impleri
423 1348 507 1390 smus
522 1285 716 1430 sputimui:
753 1327 789 1391 Id
800 1345 920 1413 potius,
949 1353 1081 1414 mam:

89 1438 122 1480 se
143 1415 227 1482 inani
247 1418 413 1482 verborum
427 1417 562 1481 torrenti
582 1417 684 1496 dara,
701 1417 787 1503 quassi
803 1422 1038 1508 tempestatibus,

89 1529 151 1592 quo
166 1507 270 1570 volent
284 1505 488 1570 auferendum.

179 1620 243 1684 Sed
263 1641 329 1682 non
350 1617 469 1681 minore
488 1617 589 1682 studio
614 1617 785 1682 continetur
807 1619 883 1682 haec
902 1618 1036 1704 facultas,
1046 1619 1098 1684 24.

89 1733 180 1794 qnam
197 1723 327 1793 paratur.
387 1707 446 1770 Ars
468 1705 549 1798 enim
571 1709 664 1798 semel
684 1721 844 1792 percepta,
879 1733 943 1774 non
963 1711 1038 1773 labi·
1107 1751 1109 1758 ·

87 1813 153 1862 ιιι.
191 1798 276 1862 stilus
300 1819 423 1886 maeque
442 1782 666 1860 intermissione
689 1799 859 1880 paullulum
875 1793 1039 1868 admodum

91 1890 129 1954 de
151 1887 300 1952 celeritate
302 1885 472 1978 deperdit.
495 1891 651 1969 promtam
662 1885 723 1964 hcc
739 1887 816 1966 etin
829 1889 967 1993 expedito
978 1911 1037 1994 po-

89 1979 180 2042 situm
200 1971 412 2042 exercitatione
428 1977 492 2038 sola
512 1974 723 2038 contineam
744 1977 826 2040 Hac
832 1977 876 2040 uti
896 1973 940 2050 sic
960 1979 1038 2063 opti

88 2090 171 2132 mum
193 2081 253 2146 est,
293 2079 335 2132 ut
350 2063 486 2152 quotidie
513 2064 651 2217 dicamus
665 2063 869 2130 fmdimtihus
888 2067 1038 2170 pluribus,

87 2158 215 2224 maxime
240 2158 279 2220 de
304 2175 434 2244 quonam
454 2153 547 2218 emus
568 2154 601 2240 ju
602 2153 701 2223 fficio
697 2167 795 2240 atquo
817 2156 963 2282 opinione
988 2179 1038 2222 so·

89 2355 200 2434 quassa:
228 2289 301 2390 unde
317 2331 389 2419 dicta
403 2330 485 2388 rerba
499 2329 613 2399 frivola,
634 2271 763 2404 quiae
716 2330 810 2386 minus
827 2341 899 2386 sunt
902 2331 969 2398 fite·
965 2295 1044 2396 ·ὠά

15 2455 28 2470 ι
87 2419 175 2476 ιιίιᾶιι

136 2503 303 2588 scenicum]
324 2504 485 2562 histrionum
510 2502 616 2558 levitate
631 2511 658 2556 et
680 2501 864 2575 impudentia,
893 2521 951 2560 non
971 2525 1036 2560 ora-

86 2593 153 2649 toris
174 2602 201 2646 et
214 2581 268 2646 sori
290 2589 418 2665 gravitate
440 2587 562 2663 dignum.
607 2583 679 2639 Nam
699 2584 782 2640 istud
791 2584 934 2643 hommum
950 2605 1036 2663 genus

9 2661 12 2700 ἵ
86 2697 144 2732 non
159 2691 325 2748 magnopere
341 2671 505 2754 honoratum
522 2667 594 2744 apud
610 2655 747 2738 Quirites,
767 2687 792 2724 ι.
805 2667 888 2760 Heus
903 2669 962 2727 Cic.
978 2669 1035 2727 Off.

10 2867 11 2874 ¹
84 2778 112 2834 p.
105 2759 209 2906 ἀξιῗηι
225 2842 361 2922 eubalum]
381 2855 412 2899 ut
425 2841 467 2897 vel
483 2843 565 2914 brena
579 2849 685 2914 tempus
701 2839 738 2896 ad
752 2857 785 2896 aa
767 2856 869 2945 *puae
885 2837 1020 2898 dicturi
997 2861 1036 2896 ιι-

12 3003 13 3006 ,
85 2951 146 2990 mus
157 2928 324 3010 dispicienda
338 2926 454 2981 deficiat.

147 3021 224 3100 Hoc]
246 3040 284 3076 sc.
296 3015 512 3084 faciendumest,
531 3011 590 3068 fieri
604 3009 700 3087 potest,
722 3011 1033 3085 cfr.v1‚4,10.110'c‚
1093 3033 1098 3066 3

86 3105 151 3164 dum
168 3105 236 3164 ordo
253 3113 293 3159 est
309 3111 335 3156 et
349 3099 447 3176 pudor

145 3216 206 3252 non
219 3188 337 3268 labatur]
361 3189 408 3246 sed
426 3185 580 3246 continetur
600 3181 734 3240 memoria
753 3201 806 3240 nes
821 3181 850 3239 io
870 3182 1034 3261 oblivionem

83 3278 234 3460 abibatque
247 3364 305 3444 op]
326 3363 398 3421 Ante
414 3359 507 3438 Spald.
529 3379 564 3414 ac
579 3379 640 3432 op..
662 3355 737 3434 quod
754 3367 816 3413 ante
831 3355 952 3414 vocalem
969 3357 1033 3416 ferri

802 3451 824 3522 6
