2374 3906
468 171 546 206 *ψ
612 133 689 208 68Χ
754 168 824 190 ··-’

157 319 288 408 'citatam
317 343 347 392 et
361 327 448 414 quasi
459 328 619 392 militantes
637 313 791 394 r'eficit'ac
804 343 927 414 reparat
944 330 1024 392 haec
1042 330 1123 392 volut

153 419 273 508 sagina
295 419 435 488 dicendi:
460 417 504 480 sic
520 419 726 500 adolescentes
737 443 802 484 non
816 421 929 482 debent
941 419 1075 482 nimium
1088 418 1123 479 in

167 512 240 576 falsa
256 531 358 577 rerum
371 507 503 594 imagine
521 507 665 586 detineri,
690 522 720 571 et
732 509 884 572 »inutilius
893 531 927 570 se
946 507 1121 570 simulacris

167 621 263 682 usque
276 599 379 676 'adeo,
404 613 438 660 ut
460 591 587 664 difficilis
608 599 646 658 ab
666 596 715 658 his
734 587 891 684 digiessus
907 596 963 674 sit,
987 595 1121 658 assuefa-

170 712 255 766 cere,
283 709 322 750 ne
340 688 382 748 ab
402 685 469 766 illa,
494 687 528 750 in
543 709 602 770 qua
622 685 970 770 propaoonsenuerint,
998 687 1121 762 umbra,

168 801 238 848 sera
263 775 453 855 discrimina,
485 779 565 838 velut
589 773 742 862 quendam
763 779 875 854 solem,
910 773 1122 860 reformident

114 886 164 946 13,
173 867 266 960 Quod
283 865 430 928 accidisse
449 865 537 928 etiam
550 865 662 929 Porcio
676 865 819 943 Latroni,
839 865 892 948 qui
905 864 1025 948 primus
1049 862 1123 926 clari

171 955 302 1020 nominis
321 953 478 1039 professor
497 955 569 1036 fuit,
589 954 731 1016 tradinrr:
759 968 794 1016 ut
813 975 884 1018 eum
896 953 949 1032 ei,
970 976 1123 1016 summam

171 1047 205 1108 in
227 1044 340 1107 scholis
365 1043 543 1128 opinionem
565 1043 730 1122 obtinenti,
755 1066 869 1129 ¹trsttrssa
889 1042 923 1104 in
947 1041 1018 1106 foro
1043 1055 1124 1106 esset

138 1189 142 1193 .
173 1135 304 1212 oranda,
339 1133 476 1217 impense
499 1133 648 1218 petiuit,¹
672 1132 718 1194 uti
741 1132 938 1198 subselliain
960 1131 1123 1194 basilicam

51 1249 71 1310 '.
140 1305 143 1308 Ι
170 1223 408 1296 transferrentur.
459 1224 503 1286 Ita
523 1223 568 1284 illi
590 1224 705 1284 caelum
729 1245 842 1284 novum
860 1219 932 1298 fuit,
966 1235 1001 1283 ut
1019 1219 1123 1284 omnis

173 1314 237 1398 ejus
256 1311 429 1396 eloquentia
450 1311 599 1397 contineri
617 1325 698 1374 teoto
717 1333 756 1398 ac
772 1310 938 1396 parietibus
958 1309 1123 1374 videretur.

115 1419 165 1480 19,
174 1401 276 1494 Quare
295 1393 428 1488 juvenis,
460 1401 514 1487 qui
532 1401 679 1466 rationem
701 1399 875 1462 inveniendi
888 1398 1123 1482 eloquendique

173 1515 191 1554 a
210 1489 458 1576 praeceptoribus
471 1491 635 1578 diligenter
647 1489 812 1572 acceperit:
837 1489 923 1574 quod
936 1511 1000 1551 non
1014 1501 1062 1549 est
1075 1488 1123 1550 in-

173 1579 250 1644 finiti
265 1579 385 1663 operis,
413 1580 441 1642 si
460 1580 572 1644 dooere
591 1579 688 1642 sciant
703 1593 734 1642 et
746 1578 853 1640 veliutz
877 1577 1124 1642 exercitationem

176 1691 297 1754 quoque
317 1668 470 1734 modicam
485 1668 577 1734 fixerit
596 1682 791 1748 consecutus,
816 1681 968 1763 oratorem
986 1665 1050 1728 sibi
1069 1664 1124 1728 ali-

235 1790 423 1904 exerct'tbtns]
437 1827 489 1886 ·Al.
503 1831 639 1886 excitatos.
689 1838 691 1848 ’

191 1971 194 1979 ,
239 1918 360 1994 sagma]
379 1919 542 1994 proprie-est
555 1921 745 1998 gladiatorum,
765 1917 862 1973 Matth.
879 1917 937 1974 Cic.
949 1918 1018 1972 Sest.
1033 1911 1059 1989 5.
1073 1919 1122 1974 78.

237 2013 275 2064 ab
296 2009 361 2084 1‘11a]
383 2009 476 2064 relicto
496 2009 542 2064 illa
567 2009 704 2065 umbratili
725 2007 896 2064 declamandi
920 2009 1122 2074 exercitatione,

176 2109 231 2164 quo
242 2111 324 2178 senpu
340 2095 393 2156 ab,
413 2113 452 2168 ex
463 2087 629 2166 frequentari
643 2103 738 2146 notum
753 2101 808 2158 est,
829 2089 878 2146 Gr.
892 2089 957 2148 ἀπό.
983 2099 986 2104 ’

239 2188 313 2238 salut
326 2181 485 2256 quendam]
512 2181 556 2236 De
573 2202 699 2256 pronoen.
718 2184 834 2256 quidam
850 2200 914 2234 cum
926 2181 1023 2254 partic.
1037 2187 1123 2244 oehrt,

175 2267 263 2398 priapi
275 2264 315 2318 'ad
333 2263 510 2338 mitigandam
530 2263 605 2320 verbi
623 2263 794 2318 tralationem
810 2262 903 2334 juncto
918 2283 943 2318 r.
957 2263 1048 2318 Beier.
1062 2261 1122 2318 Cic.

200 2364 249 2399 ae.
264 2367 290 2418 p.
308 2347 356 2400 77.

237 2437 325 2489 Porc.
344 2433 452 2510 Latro]
478 2433 630 2508 Hispanus,
663 2433 713 2488 sub
735 2433 857 2508 Augusto
882 2423 989 2504 floruit,
1017 2435 1122 2490 Bernh.

176 2514 237 2570 hist:
254 2516 303 2588 litt
319 2515 398 2574 Rorn.
413 2539 440 2590 p.
458 2515 540 2578 120„
574 2515 647 2586 Quia
663 2516 729 2570 Tur.
746 2517 820 2570 Flor.
843 2517 923 2572 codd.
942 2521 973 2572 in
988 2517 1122 2584 inserunt,

176 2599 349 2654 scribendum
364 2609 430 2671 puto
446 2601 475 2654 irs
489 2600 596 2652 Porcio
610 2598 748 2652 latrone.

235 2687 398 2762 professor]
422 2698 461 2740 est
472 2687 509 2754 is,
531 2687 577 2759 qui
593 2709 622 2742 se
635 2698 721 2741 artem
737 2688 872 2760 aliquam,
892 2688 1040 2762 praecipue
1056 2689 1120 2744 rhe-

155 2781 159 2793 ‘
178 2768 310 2836 loricam,
339 2781 384 2824 aut
396 2759 595 2842 philosophiam
610 2770 709 2824 docere
724 2771 868 2844 gloriatur,
890 2793 913 2826 v.
929 2771 990 2839 XII,
1006 2771 1055 2838 11,
1070 2775 1119 2828 20.

236 2859 413 2934 opinionem]
431 2860 550 2925 samam,
570 2871 696 2934 argentea
709 2859 879 2934 potissimum
891 2871 977 2916 aetate
988 2861 1121 2936 frequen-

175 2950 277 3006 tatum,
297 2939 401 2996 Dronl.
419 2943 485 2999 Tac.
500 2939 572 2996 Dial.
588 2963 614 3016 p.
629 2939 695 2998 104.
939 3021 942 3031 Ἢ

172 3109 180 3124 .
202 3111 209 3125 .
234 3029 382 3121 subselliis]
399 3029 428 3088 in
447 3031 544 3104 quibus
563 3032 693 3101 sedebant
712 3031 832 3104 judices,
852 3030 950 3088 Mach.
966 3029 1025 3088 Cic.
1037 3033 1121 3090 Ross.

171 3121 230 3166 ιιιιῑ.

233 3171 395 3276 basilecam]
422 3201 451 3258 in
467 3221 521 3275 qua
537 3203 675 3275 professor
697 3203 820 3258 docebat.
859 3202 903 3256 De
917 3201 1015 3257 talibus
1028 3202 1120 3258 homi-

173 3283 253 3338 nibus
266 3283 391 3356 lucilirgis
405 3285 531 3340 Petrom:
559 3283 646 3342 »Cum
659 3285 687 3340 in
706 3288 798 3342 forum
814 3295 960 3352 venerunt,
982 3295 1079 3357 putant
1092 3309 1119 3342 se

173 3363 202 3418 in
218 3365 300 3420 alium
316 3377 450 3420 terrarum
468 3365 705 3422 orbem‘delatosm
724 3389 749 3422 v.
764 3366 860 3422 Wolf.
877 3365 946 3438 prol.
966 3363 1024 3428 Cic.
1041 3367 1119 3424 Mar·

91 3497 94 3504 .
171 3443 232 3502 cell.
248 3466 274 3518 p.
291 3447 391 3500 xxltt.
