2374 3906
339 99 576 256 ⁴--449
667 179 718 195 -

66 335 254 422 quibusdam
270 333 304 396 in
318 333 396 398 loeis
411 337 586 400 assumere?
623 335 710 416 ,Nam
724 347 845 419 praeter
860 333 909 414 id,
933 335 1075 420 qoodld.

66 427 232 514 prudentis
252 439 311 503 est,
336 424 420 508 quod
436 423 470 486 in
488 445 610 510 quoque
626 425 773 508 optimum
791 439 852 504 eat,
877 425 1023 509 sipoesit,

69 539 163 578 suum
177 516 292 578 faeere:
315 527 380 576 tum
395 511 429 574 in
448 528 527 576 tanta
543 514 589 576 rei
610 514 780 578 difficultate
798 539 893 578 uuum
905 514 1025 588 inmen-

49 688 53 694 Ι
69 619 119 669 tes
131 604 188 672 ‚vix
215 603 313 688 aliqua
334 623 405 685 pers
422 603 566 686 sequitur.
616 603 751 688 Ideoque
776 627 846 694 oum
861 617 957 667 totum
974 627 1022 668 ex-

69 693 224 778 primere,
263 714 353 776 quem
374 691 519 778 elegeris,
553 713 649 776 paene
670 692 709 756 sit
728 687 846 756 homini
863 693 1023 756 moonoee-

70 807 160 846 sume
192 781 326 866 plurium
340 781 423 844 hona
444 803 593 866 ponamus
607 795 675 844 ante
694 775 816 860 oeuloe,
846 796 880 844 ut
893 781 975 846 aliud
988 806 1024 846 ex

70 873 134 936 alio
161 871 299 949 haered,
333 884 379 948 et,
409 870 495 955 quod
515 869 625 956 auique
642 872 714 936 loeo
738 871 911 961 conveniet,
942 883 1023 956 ‘apte

69 985 150 1024 mus.
508 993 509 1000 κ

160 1049 212 1114 Ν.
240 1046 369 1112 Imitatio
384 1061 482 1110 autem
497 1051 580 1134 (nam
595 1047 714 1131 saepius
726 1047 809 1118 idem
831 1047 943 1134 dicam)
957 1056 1079 1114 nonll.
1173 1071 1174 1076 ¹

72 1139 114 1200 sit
126 1152 243 1202 tantum
259 1137 292 1199 in
306 1136 416 1199 verbis.
458 1138 531 1200 llluo
552 1137 735 1203 intendenda
748 1160 852 1217 mene,
881 1153 1024 1222 quantum

72 1227 167 1290 fuerit
178 1226 239 1294 illis
256 1226 329 1290 vin's
351 1225 472 1288 decoris
491 1225 524 1288 in
538 1227 630 1312 rebus
646 1242 734 1311 atque
750 1227 908 1311 personis,
940 1229 1025 1312 quod

76 1316 255 1394 eonsilium,
280 1315 357 1400 quae
377 1315 554 1399 dispositio,
577 1339 667 1399 quam
690 1315 807 1394 omnia,
838 1315 927 1380 etiam
946 1339 1023 1401 quae

76 1404 269 1468 delectationi
282 1405 438 1467 videantur
455 1405 531 1484 dete,
553 1405 592 1467 sd
604 1404 761 1468 victoriam
774 1419 926 1488 spectent,
950 1405 1024 1489 quid

75 1509 184 1582 agatur
205 1493 383 1577 prooemio,
417 1515 492 1577 quae
511 1494 588 1556 ratio
614 1509 643 1558 et
664 1516 753 1579 quam
771 1489 852 1556 varie
868 1495 1020 1572 narrandi,

77 1607 155 1670 quse
174 1583 220 1646 vis
237 1581 390 1666 probandi
415 1605 450 1644 ao
472 1581 646 1661 refellendi,
686 1596 794 1668 quanta
813 1582 846 1644 in
867 1583 1022 1646 affectibus

77 1673 177 1738 omnia
198 1671 320 1776 generis
343 1671 500 1734 movendis
521 1671 662 1762 seientia,
697 1693 847 1757 quamque
868 1674 933 1735 laus
956 1672 1023 1754 ipsa

66 1763 232 1847 ,populans
254 1759 386 1842 utilitatis
409 1761 505 1847 gratia
525 1775 670 1839 assumto,
706 1783 783 1844 quae
802 1776 866 1823 tum
891 1775 936 1824 est
955 1762 1022 1844 pul-

77 1850 243 1929 cherrima,
267 1873 338 1912 eum
352 1849 502 1934 sequitur,
522 1873 587 1914 non
601 1873 671 1912 oum
684 1849 853 1914 arcessitur.
895 1851 979 1914 Haeo
996 1848 1023 1910 si

75 1939 311 2027 perviderimus,
340 1953 404 2001 tum
426 1960 497 2000 rere
518 1938 710 2002 imitabimur.
758 1938 819 2031 Qui
837 1959 910 2002 vero
931 1938 1081 2001 etiam28.

75 2029 203 2115 proprio
218 2029 266 2090 his
285 2030 368 2108 bona
387 2027 547 2112 adjecerit,
569 2043 603 2090 ut
622 2029 776 2111 suppleat,
800 2049 876 2112 quiae
891 2028 1023 2106 deerant,

78 2119 292 2197 circumcidat,
321 2117 348 2178 si
370 2116 445 2202 quid
460 2115 656 2196 redundabit,
679 2115 796 2194 iserit,
824 2137 913 2200 quem
935 2137 1024 2200 quae-

73 2209 189 2286 rimus,
210 2206 363 2294 perfeetus
387 2219 505 2269 oratore
528 2227 618 2292 quem
641 2227 723 2268 nuno
745 2207 949 2269 oonmmmari
967 2227 1024 2290 po·
1118 2253 1121 2259 .

77 2288 227 2362 tissimum
249 2308 402 2382 oporteat,
435 2317 505 2360 oum
526 2309 610 2360 tanto
633 2294 763 2381 plurime
791 2295 925 2380 exempla
945 2295 1025 2359 bene
1052 2306 1069 2360 ζ’
1111 2293 1116 2306 ’

139 2457 274 2534 praeter]
295 2457 423 2530 abaestuet
438 2444 538 2525 tuton,
559 2459 605 2526 tul
621 2491 706 2525 00...
727 2475 768 2532 gr.
782 2458 880 2532 κωρίς,
900 2451 1024 2514 v·be-

81 2537 754 2615 sopiant.stauh.1’1n.np01.p.35,c.
804 2547 806 2554 '
1048 2538 1052 2548 ’

137 2629 258 2693 praeter
272 2626 303 2676 r'd
314 2653 358 2666 -
371 2621 448 2697 tum]
470 2621 599 2676 Similiter
613 2619 663 2674 Gr.
677 2621 797 2688 variant,
817 2631 850 2694 ut
860 2618 944 2694 Sopln
959 2617 1024 2676 Ant.

81 2707 129 2764 61.
146 2706 221 2762 τοῦτο
236 2707 284 2780 μέν
298 2738 339 2752 -
353 2707 440 2762 ἔπειτα
453 2705 501 2777 δέ,
521 2703 569 2758 ubi
583 2723 607 2758 v.
621 2702 758 2774 Etturdt„
787 2701 871 2760 Seidl.
885 2702 952 2758 Eur.
965 2701 1025 2777 lpln

142 2875 285 2952 sequetur]
307 2863 391 2950 seqli
405 2895 486 2950 saepe
501 2876 628 2930 dicuntur
640 2895 701 2944 rea,
727 2895 799 2951 quae
813 2895 862 2932 sua
876 2886 972 2950 sponte
986 2875 1029 2931 alt

83 2959 185 3028 fluunt,
214 2980 271 3028 non
287 2960 431 3032 quaesitae,
445 2959 560 3014 feliciter
572 2957 730 3029 succedunt,
750 2980 775 3015 v.
788 2959 873 3016 Kritz.
888 2957 955 3016 sall.
970 2957 1029 3014 Cat.

83 3065 110 3116 p.
123 3043 192 3100 289.
213 3041 314 3098 Graeci
327 3044 415 3100 lunae
426 3044 521 3107 stridor,
541 3039 630 3096 sirum.

144 3132 279 3206 deerant]
289 3143 293 3162 ¹
302 3130 346 3186 Al.
363 3139 492 3188 deerunt.

148 3221 294 3296 oporteat]
316 3221 360 3276 Al.
374 3223 541 3292 oportebat,
562 3216 636 3294 quod
650 3214 822 3293 significaret,
843 3235 953 3272 necesse
970 3214 1032 3290 qui-

87 3304 148 3359 dem
163 3304 255 3371 fuisse,
271 3303 374 3358 sactum
388 3321 445 3358 esse
459 3323 516 3357 non
531 3302 613 3367 iterna
632 3319 673 3376 gr.
686 3301 750 3363 ttae.
769 3298 865 3374 ἐχρῆν,
884 3297 981 3354 Mattln
998 3297 1033 3353 ad

88 3389 167 3442 Rosa.
181 3384 207 3458 §-
224 3384 252 3444 4.
270 3385 304 3440 ed
318 3385 385 3440 Eur.
398 3385 478 3459 llipp.
492 3385 562 3442 296.
587 3391 590 3407 '

74 3533 79 3546 .
147 3479 232 3522 tanto
242 3467 385 3542 plurima]
408 3467 452 3522 Al.
468 3468 555 3542 plura.
585 3467 622 3522 V.
637 3463 672 3520 ad
685 3463 708 3532 l,
723 3461 773 3522 45.
873 3509 874 3512 ¹
