2374 3906
865 21 876 74 1

451 125 643 230 ”=,⁷²
733 106 786 176 ...ἶ.
846 201 862 213 f

111 317 140 378 5.
209 371 212 390 ,
232 315 296 378 Sed
312 316 342 378 si
360 313 439 382 forto
460 316 669 403 aliquisiuter
687 316 851 382 dicendum
877 316 1023 380 effirlsorit
1050 339 1098 379 er-

42 413 44 416 ’
150 403 325 486 temporalis
348 407 451 486 color,
485 431 550 471 non
577 405 783 492 superstitiose
809 405 949 492 cogitatis
975 407 1098 470 demum

151 504 197 556 est
211 491 441 568 inhaerendum.
492 497 602 580 Neque
622 494 704 558 enim
723 497 838 558 tantum
861 494 1096 573 habentlcurac,

137 593 186 644 'ut
204 604 269 644 non
288 583 327 646 sit
347 583 463 647 dandus
480 600 512 652 et
528 585 666 650 fortunae
685 585 788 662 locus,
810 606 880 662 cum
898 605 988 666 saepe
1008 584 1096 648 etiam

153 669 274 755 scriptis
290 693 324 734 ee
332 720 342 750 ‚
365 695 441 757 qrrae
454 673 555 738 subito
569 688 637 738 nata
652 688 722 736 sunt
734 673 912 736 inserantur.
962 671 1096 758 Ideoque

153 772 249 822 totum
261 761 322 824 hoc
341 762 559 828 exercitationis
570 775 668 851 'genus
687 762 729 824 ita
745 761 962 825 instituendum
982 776 1045 840 est,
1065 775 1098 826 ut

85 873 87 882 .
155 861 185 910 et
208 847 329 937 digredi
347 873 389 932 vex,
409 873 468 931 eo,
505 865 536 916 et
555 849 679 940 regredi
699 848 733 914 iu
761 849 796 913 i'd
821 849 910 920 facile
933 851 1097 933 possimus.

117 935 236 1008 &Nam
252 953 287 1002 ut
297 939 504 1024 primum-eet,
526 938 741 1004 domo'afferre
754 954 888 1024 paratam
903 938 1029 1002 dicendi
1047 963 1100 1004 co-

128 1052 131 1064 *
153 1025 237 1111 piam
259 1041 289 1092 et
311 1044 439 1102 certem
474 1029 516 1093 ita
533 1029 662 1102 refirtarc
684 1029 830 1114 temporis
853 1045 979 1090 munera
1001 1029 1102 1118 longe

153 1115 358 1216 emlpissimum
374 1133 427 1184 eet
478 1119 579 1212 Quare
594 1117 738 1206 cogitatio
758 1119 792 1180 in
812 1119 874 1181 hoc
892 1111 1104 1202 praeparetur,

118 1217 191 1292 .‘ut
203 1227 261 1268 uos
279 1205 407 1296 'somma
428 1207 569 1292 decipere
594 1231 658 1270 non
676 1205 789 1292 possit,
826 1207 965 1291 adjuvare
989 1207 1101 1290 possit.

156 1292 192 1380 ld
204 1291 302 1358 autem
315 1295 367 1360 fiet
382 1299 545 1362 memoriae
559 1297 690 1374 viribus,
713 1311 747 1358 ut
762 1289 829 1373 ssla',
853 1316 930 1380 quae
948 1297 1104 1382 complexi

79 1435 85 1450 .
155 1383 256 1448 animo
269 1407 386 1465 sumus,
402 1385 501 1451 ‘fluant
516 1398 648 1464 secura,
659 1397 724 1449 non
740 1384 876 1448 solicitos
891 1397 921 1446 et
933 1385 1104 1469 respicien-

154 1485 218 1550 tes,
253 1488 284 1538 et
303 1499 363 1538 una
386 1495 441 1559 spe
463 1497 626 1561 suspensos
644 1473 880 1552 recordatiouis,
911 1497 977 1537 non
1001 1473 1105 1538 sinant

155 1561 332 1645 providere:
364 1565 478 1648 alioqui
490 1567 538 1645 vel
558 1564 788 1647 extemporalem
799 1562 995 1626 temeritatem
1008 1565 1103 1641 malo,

121 1657 246 1734 7.quam
277 1654 353 1715 male
380 1654 591 1717 obhaerentem
615 1651 842 1740 cogitationem.
900 1652 992 1738 Pejus
1019 1653 1106 1714 enim

157 1739 310 1827 quaeritur
332 1757 497 1821 retrorsus,
528 1742 614 1828 quia,
645 1743 717 1808 dum
736 1741 787 1844 illa
810 1741 1032 1820 desideramus,
1065 1743 1106 1804 ab

218 1893 331 1962 cheud]
362 1888 407 1946 Al.
423 1893 527 1962 alc'qut',
554 1890 644 1945 forma
659 1890 763 1964 prisea,
788 1889 896 1954 Moser.
920 1889 977 1946 Cic.
993 1892 1065 1964 Rep.
1077 1914 1106 1964 p.

109 2044 111 2052 y
158 1969 225 2027 179.
245 2005 248 2013 ·
274 1973 355 2043 Quae
370 1973 510 2047 quomodo
531 1971 641 2028 differre
656 1971 780 2028 rideatur
793 1991 810 2024 a
825 1972 965 2027 communi
980 1975 1107 2046 exposuit

156 2051 254 2108 Mart.
270 2055 327 2110 Cic.
343 2057 412 2110 Soet.
426 2054 450 2128 §.
467 2055 535 2112 131.
669 2119 674 2127 ,

217 2142 308 2206 color]
335 2137 478 2212 splendor,
504 2139 594 2205 nitor,
622 2135 645 2190 si
665 2132 897 2190 interdicendum
920 2135 1019 2210 singuli
1032 2135 1107 2193 inei-

156 2215 305 2286 duellari,
327 2221 374 2294 qui
387 2218 558 2293 exquisitiore
573 2217 650 2292 quasi
661 2217 901 2287 cultulnitescuuu
924 2217 958 2272 al.
971 2221 1066 2275 calor.

208 2305 415 2371 superstitiose]
436 2299 609 2374 scrupulose,
628 2311 660 2354 ut
671 2299 766 2354 timeas
780 2309 896 2354 mutare.
1084 2293 1088 2301 '

215 2386 345 2452 demum}
362 2384 452 2448 elicit,
474 2403 498 2436 v.
513 2381 535 2449 l,
554 2381 603 2437 44.

205 2466 347 2548 sorturpa]
369 2485 401 2519 ex
413 2475 536 2537 tempore
551 2463 604 2516 alia
617 2461 794 2518 substituendi
808 2461 968 2534 peniculum.

163 2601 166 2612 Ι
219 2549 342 2626 digrede]
361 2545 405 2602 Al.
420 2547 552 2614 degredi,
570 2566 595 2598 v.
610 2543 705 2598 Muell.
723 2543 780 2598 Cic.
794 2543 841 2598 111.
855 2565 895 2598 or.
910 2545 959 2612 53,
974 2545 1046 2601 202.

218 2632 303 2682 domo
318 2631 440 2698 afferre]
462 2629 529 2682 Tac.
544 2626 606 2682 dial.
624 2627 652 2696 9,
669 2625 697 2683 1.
712 2626 943 2694 dominaseuntur
955 2646 1056 2696 versus,
1080 2649 1105 2683 v.
1175 2669 1176 2672 ,

154 2707 237 2763 Heus.
254 2709 312 2764 Cic.
331 2711 387 2766 Otr.
401 2731 428 2784 p.
442 2711 512 2766 263.
935 2701 938 2706 ¹

103 2803 123 2834 ’-
217 2795 359 2863 refutare]
390 2791 447 2848 Cic.
470 2791 564 2847 Rabir.
584 2792 659 2846 Post.
687 2789 735 2846 16.
757 2789 897 2864 aspernari
919 2809 952 2845 ac
974 2790 1106 2846 refutare.

150 2871 224 2930 Num
237 2877 416 2944 repudiare?
822 2927 825 2936 ,

212 2976 272 3010 non
292 2961 358 3025 sot]
380 2955 504 3028 Quintil.
527 2975 585 3010 non
603 2973 666 3008 raro
692 2953 790 3010 omittit
811 2953 954 3026 copulam,
986 2953 1035 3008 ubi
1056 2973 1104 3008 se-

150 3037 242 3112 quitur
261 3038 404 3112 periodus,
425 3055 495 3111 quae
516 3037 668 3094 accuratius
688 3031 875 3110 praegressum
892 3036 1020 3109 explicet,
1053 3055 1104 3090 seu

149 3121 316 3176 eontrarium
336 3119 407 3176 illius
428 3118 573 3177 contineat.
614 3119 679 3174 Non
699 3117 758 3173 'aine
778 3119 805 3174 ri
827 3117 946 3192 quadam
968 3117 1022 3174 hoc
1041 3118 1103 3172 steri

148 3204 255 3260 senties.
642 3253 644 3260 ,

205 3287 369 3355 prosilere]
397 3281 427 3338 ln
445 3281 567 3355 futurum
585 3281 769 3356 prospicere,
783 3299 819 3338 au
841 3280 946 3357 reliqua
970 3281 1101 3336 orationis

145 3368 269 3420 membra
282 3366 346 3420 satis
366 3375 427 3440 apte
440 3365 494 3418 sint
507 3365 678 3420 cohaesuras

209 3449 367 3515 retrorsus]
387 3445 575 3520 respiciendo,
598 3459 633 3502 art
649 3441 766 3518 cogitata
780 3443 872 3500 omnia
887 3445 941 3502 sint
957 3445 1038 3501 dicta.
