2374 3906
473 79 866 208 -os-'

132 320 178 382 4.·
261 311 325 376 Sed
349 323 380 373 et
391 309 448 374 illa
473 331 508 372 ex
528 309 645 372 Latirris
669 310 827 375 conversio
854 313 982 376 multum
1003 323 1035 373 et
1053 309 1121 394 ipsa

169 400 339 482 contulerit.
382 399 429 462 Ac
443 399 480 462 de
498 383 682 468 carminibus
705 399 829 504 quidem
850 401 1005 463 neminem
1024 402 1119 463 credo

170 479 324 568 dubitare,
363 511 425 576 quo
447 489 512 550 solo
536 510 649 574 genere
672 489 891 562 exercitationis
914 491 1026 552 dicium
1046 513 1119 552 usus

170 603 236 644 esse
253 577 416 662 Sulpicius.
460 577 541 639 Nam
559 592 588 639 et
607 577 744 640 sublimis
759 579 881 662 spiritus
900 581 1037 644 attollere
1053 603 1119 644 ora·

169 671 286 734 tionem
298 681 414 752 potest:
436 679 466 729 et
478 667 571 728 verba
585 667 706 770 poetica
717 668 853 730 libertate
867 669 1041 746 audaciora,
1057 692 1120 731 non

67 759 73 779 '
169 771 386 866 praesumunt
380 756 486 825 eadem
500 756 640 840 proprie
635 757 765 822 dicendi
783 757 960 820 factrltatem.
1007 759 1074 820 Sed
1093 771 1121 819 et

170 850 246 935 ipsis
261 845 415 909 sententiis
428 845 557 932 adjicere
568 845 641 908 licet
654 846 818 936 oratorium
829 847 941 928 robur,
966 861 996 912 et
1009 847 1120 912 omissa

173 939 331 1028 supplere,
355 933 675 1022 effdsasubstringere.

133 1036 164 1097 5
259 1027 370 1114 Neque
384 1047 444 1112 ego
458 1023 666 1109 paraphrasim
684 1048 749 1088 esse
764 1025 1047 1111 interpretationem
1056 1039 1122 1088 tan-

171 1131 236 1180 tum
254 1117 343 1193 volo,
386 1116 441 1176 sed
461 1113 543 1174 cirea
569 1115 691 1176 eosdem
718 1139 823 1178 sensus
854 1133 1007 1209 certamen
1032 1130 1121 1201 atque

171 1203 409 1277 aemulationem.
460 1202 593 1289 Ideoque
611 1204 649 1264 ab
668 1205 727 1272 illis
749 1205 911 1284 dissentio,
934 1205 988 1291 qui
1000 1213 1122 1266 vertere

173 1294 325 1360 orationes
339 1292 460 1377 Latinas
474 1306 589 1370 vetant,
606 1292 685 1380 quia,
708 1294 828 1397 optimis
844 1293 1009 1378 occupatis,
1034 1293 1123 1378 quid·

85 1386 105 1408 '¹
174 1383 254 1472 quid
264 1383 349 1446 aliter
371 1381 547 1458 dixerimus,
571 1403 696 1444 necesse
711 1384 750 1446 sit
766 1406 844 1446 esse
851 1384 990 1446 deterius
1042 1385 1123 1444 Nom

173 1495 274 1560 neque
289 1490 409 1566 semper
423 1485 468 1532 est
482 1471 711 1552 desperandum,
716 1473 849 1564 aliquid
859 1473 928 1550 illis,
949 1493 1026 1559 quae
1042 1472 1123 1532 dicta

176 1576 261 1639 sunt,
292 1557 399 1630 melius
418 1582 510 1642 posse
533 1560 676 1642 reperiri:
717 1584 817 1648 neque
838 1563 944 1624 adeo
934 1563 1068 1647 jejunam
1087 1583 1122 1622 ac

174 1672 343 1752 pauperem
360 1663 466 1710 natura
486 1649 686 1734 eloquentiam
700 1649 787 1728 fecit,
814 1653 848 1712 ἰιι
861 1675 922 1712 una
937 1651 974 1711 de
988 1671 1022 1710 re
1041 1650 1123 1710 bene

137 1741 253 1816 adici,
285 1738 345 1800 nisi
365 1739 474 1814 semel,
511 1761 574 1798 non
593 1737 699 1820 possit.
756 1740 827 1804 Nisi
844 1739 922 1816 forte
941 1739 1125 1802 histrionum

132 1859 134 1864 ·
175 1827 307 1892 multa
281 1849 362 1890 circa
381 1849 472 1888 voces
488 1827 608 1892 easdem
627 1829 741 1890 variare
755 1845 857 1916 gestus
878 1842 992 1912 potest,
1015 1827 1125 1889 orandi

175 1917 350 1994 minervis,
359 1930 407 1978 ut
422 1916 537 1977 dicutur
549 1916 681 2003 aliquid,
702 1933 773 2006 post
791 1918 920 2004 quodin
940 1918 1045 1978 eadem
1061 1939 1124 1978 ma-

175 2009 250 2072 teria
272 1965 350 2069 nihil
378 2005 540 2068 dicendum
563 2005 610 2068 sit.
677 1994 742 2070 Sed
761 2021 841 2084 esto,
879 2028 980 2092 neque
1005 2005 1124 2082 melius,

88 2112 92 2130 ¹
179 2097 289 2185 quod
279 2095 464 2172 ιιιιιιιὶιιιιιι,
488 2116 569 2172 esse,
591 2116 692 2180 neque
712 2119 794 2180 para
805 2110 857 2158 est
871 2111 951 2158 certe
968 2094 1124 2178 proximus

139 2189 270 2250 7..loous
313 2185 362 2246 An
382 2207 454 2247 vero
474 2183 535 2266 ipsi
553 2205 617 2246 non
640 2184 690 2245 bis
710 2207 745 2248 ao
767 2185 885 2268 saepius
909 2184 1070 2246 decadem
1091 2205 1123 2246 re

178 2273 317 2352 dicimus,
339 2274 507 2360 etquidem
529 2272 686 2335 continuas
704 2297 924 2362 nonnunquam
938 2271 1123 2335 sententias?

117 2363 248 2428 Nisi
266 2362 344 2442 sorte
369 2363 552 2444 contendere
572 2361 734 2426 nobiscum
753 2386 932 2462 possumus,
966 2385 1037 2424 cum
1057 2362 1124 2424 aliis

177 2476 242 2518 nou
260 2474 431 2537 poscumus.
492 2451 619 2516 Nam
594 2474 620 2513 ιι
641 2475 704 2517 uno
726 2463 840 2541 genere
861 2454 940 2516 bene
964 2451 1124 2528 diceretur,

242 2635 280 2670 ex
296 2614 363 2669 Lat.
379 2609 521 2686 concere]
542 2611 587 2668 Ad
609 2602 784 2668 Graecorum·
797 2611 1024 2668 'consuetudinem
1045 2631 1125 2665 acce·

181 2698 221 2753 dit
233 2696 302 2752 haec
317 2693 425 2750 dicendi
439 2695 523 2762 ratio,
551 2695 597 2770 qui
613 2697 780 2751 substantivis
795 2715 875 2769 saepe
893 2693 1039 2748 verborum
1054 2705 1126 2747 stru-

181 2792 286 2836 cturarn
310 2787 416 2851 aptante
456 2788 486 2830 ut
509 2775 566 2833 Cic.
588 2777 602 2832 Ι
624 2779 694 2853 legg.
718 2779 765 2834 15.
794 2776 989 2851 obtemperatio
1012 2775 1125 2850 legibus.

180 2863 269 2918 Plaut.
290 2861 366 2914 Trin.
378 2858 426 2926 ΠΙ,
447 2858 476 2926 2,
498 2861 573 2928 86.,·
591 2861 620 2914 in
634 2861 777 2916 consilium
793 2859 930 2927 accessio,
958 2857 1006 2914 ubi
1020 2879 1046 2912 v.
1059 2858 1124 2912 Liu-

182 2943 271 3011 dem.,
290 2940 392 2996 Bernh.
410 2941 487 3014 Synt.
503 2962 529 3015 p.
546 2943 593 2998 92.
609 2944 673 2998 Zus.

237 3045 306 3106 post
320 3031 409 3106 quod]
429 3053 483 3106 quo
500 3043 642 3108 occupato.
680 3031 724 3087 Al.
736 3041 864 3101 practer.

239 3117 304 3172 =Sed
323 3114 398 3190 ecto]
431 3115 480 3169 Gr.
496 3113 561 3179 εἶεν,
589 3127 628 3170 est
649 3114 822 3170 concedentis
840 3110 980 3186 superiora
1000 3131 1059 3166 esee
1082 3110 1124 3164 illa

182 3199 292 3276 quidem
315 3199 368 3266 ita,
396 3198 513 3253 sednon
528 3209 584 3253 tarn
605 3196 658 3251 late
673 3208 783 3271 patere,
810 3217 835 3250 v.
850 3192 945 3250 Stallh.
961 3193 1031 3250 Plat.
1044 3191 1124 3248 Euri.

161 3273 213 3356 lp·
231 3283 280 3338 88,
301 3279 615 3354 Schmid.H0r.1Epp.
633 3278 659 3346 1,
679 3279 726 3335 81.

246 3362 319 3438 uno]
342 3361 468 3416 Glossam
489 3363 593 3416 redolet
613 3361 687 3434 quod
709 3359 812 3416 addunt
833 3359 867 3416 al.
882 3369 1016 3430 tantum„
1042 3363 1127 3414 dum-

183 3456 287 3508 mal,
307 3465 331 3498 v.
345 3443 447 3500 Moser.
464 3442 637 3510 cie.1)iv.1‚
657 3445 685 3498 2.
701 3463 728 3516 p.
747 3443 794 3500 10.
903 3479 907 3488 ι
