2374 3906
318 137 718 216 .-n--

735 283 739 308 1

69 333 116 398 ria
131 353 223 400 aureo
236 335 355 418 plectro
367 332 476 400 monito
491 331 629 414 donatur,
652 333 724 422 quia
736 339 881 421 mrannot
895 333 1024 400 insecta-

69 439 121 486 tuc
141 425 266 486 multum
282 424 372 491 etiam
390 422 540 488 moribus
540 423 719 496 ‚z‘oonfert
709 450 743 488 m
758 425 929 510 elomendo
948 447 1023 510 quo

29 585 31 590 ¹
71 535 151 596 que
158 513 260 576 brevic
283 528 314 574 et
333 511 531 596 magnificus,
562 527 592 576 ot
585 513 761 615 diligens,
793 529 823 578 et
840 517 1020 598 plerumque

71 601 189 666 oratori
202 600 339 680 similia,
346 601 402 672 aed
416 600 530 668 attunt
541 616 572 666 et
583 601 616 664 in
631 625 754 666 amorne
764 602 936 680 descendit,
958 627 1020 666 ma-

69 689 191 777 joribus
205 703 305 754 tamen
321 689 428 777 aptior.
481 692 668 768 Simonides,
693 691 791 758 tenuis
805 691 934 775 alioqui,
957 714 1019 754 eer—
1028 691 1081 755 64.

41 815 43 826 ·
70 801 165 843 mone
182 780 321 882 proprio
331 793 360 842 et
376 779 560 866 jucunditate
579 781 708 863 quadam
729 781 933 847 commendari
954 793 1022 884 pot-

53 884 133 933 eat.
153 862 322 952 praecipua
337 883 436 934 tomen
457 868 521 952 ojua
540 868 575 930 in
595 871 814 934 commovenda
831 869 1022 939 miseratione
1089 894 1093 949 f

69 958 185 1036 virtue3
206 971 241 1020 ut
257 957 406 1042 qaudam
396 981 429 1018 tn
447 957 505 1020 hac
520 979 589 1020 eum
610 973 695 1040 parte
711 959 893 1022 οιιιιι11ιιιι
867 979 930 1048 cJua
947 981 1050 1042 ope·

69 1047 120 1110 ris
129 1045 304 1110 auctoribus
325 1045 504 1130 praeferant.
554 1046 687 1130 Antiqua
702 1049 867 1112 Comoedia
882 1071 950 1110 cum
964 1047 1024 1110 ain·
1031 1049 1083 1110 65.

71 1159 177 1200 ceram
191 1135 274 1198 illam
289 1134 438 1203 sermonis
452 1133 547 1198 Attici
566 1135 695 1222 gratiam
707 1159 807 1224 prope
824 1139 887 1200 sota
902 1137 1021 1216 retinet,

132 1316 223 1352 aureo
240 1297 364 1366 plectro]
386 1291 648 1372 χρύσιοιπλᾶιιροι.
671 1296 750 1352 Pind.
769 1295 849 1354 Nem.
867 1300 903 1368 V,
918 1294 967 1356 44
995 1318 1019 1352 v

72 1379 141 1434 Hor.
155 1399 268 1434 carmm.
284 1378 320 1446 ΙΙ,
342 1377 388 1434 13.
409 1379 458 1432 26.

140 1461 305 1534 tyrannocT
322 1459 348 1513 A
370 1459 491 1533 partibut
514 1460 586 1515 enim
610 1461 779 1535 optimatium
801 1461 887 1528 stetit,
923 1461 1021 1532 quibua

73 1565 138 1598 curn
154 1541 330 1600 Antimenida
348 1541 464 1612 praesuit
477 1543 505 1597 in
520 1545 728 1612 certaminibus,
750 1563 820 1616 quae
837 1564 900 1597 cum
914 1541 1020 1597 Pittaco

73 1647 89 1680 a
108 1626 210 1700 populo
228 1625 262 1678 ad
276 1621 435 1696 atoopttizoo
449 1623 581 1678 honorem
598 1637 690 1700 evecto
705 1627 857 1680 certabantt
884 1625 1019 1678 Pittacum

72 1709 137 1762 salis
153 1707 298 1761 acerbitate
313 1705 465 1778 perfricuit,
490 1727 514 1760 v.
530 1707 612 1781 Diog.
626 1708 715 1762 Laert.
729 1707 751 1775 I,
768 1708 816 1764 81.
839 1707 929 1762 Strab.
946 1707 1019 1760 xltt.

73 1813 102 1863 p.
120 1789 188 1846 917.
203 1789 275 1843 Alm.
303 1785 428 1852 Ἀλιαῖος
444 1783 542 1860 ὁμόίως
556 1792 714 1864 ἐλοιδορεῖτο
733 1798 778 1845 καὶ
791 1787 872 1864 toticp
888 1789 1025 1862 (Pittaco)

72 1881 120 1929 καὶ
140 1883 196 1937 τοῖς
215 1867 448 1945 ἄλλοιςΜυρσίλῳ
463 1880 506 1927 καὶ
523 1871 711 1976 ittoyoeiopipp
728 1879 774 1928 nat
793 1881 849 1935 τοῖς
864 1873 1021 1928 numenei.
1126 1906 1130 1910 ·

73 1957 135 2019 ὄαις
147 1964 193 2010 καὶ
211 1950 300 2016 ἄλλοις
313 1958 394 2016 noim
425 1951 482 2008 οὐδ
498 1953 575 2038 aitis
589 1953 746 2028 καθαρεύων
763 1953 812 2010 coia
826 1952 947 2010 τοιούτων
960 1973 1020 2008 ιιω-

71 2058 208 2112 τερισμωι.
251 2035 379 2088 Carmina
397 2033 535 2102 Alcaei,
520 2055 589 2108 quae
602 2036 733 2090 factiones
748 2035 806 2089 ilias
818 2053 888 2108 quae
902 2035 1031 2108 optima-

72 2131 115 2174 tes
128 2120 199 2173 inter
213 2127 239 2172 et
253 2117 323 2170 cives
338 2118 432 2172 decem
447 2137 497 2189 per
510 2137 596 2172 annos
605 2109 689 2172 siricae
702 2117 843 2184 dicuntur,
864 2117 1018 2190 attigerunt,

74 2200 233 2260 στασιωιιιιοὶ
254 2199 386 2272 appellata
401 2209 478 2264 sunt,
506 2220 530 2252 v.
546 2198 642 2254 Plehn.
655 2201 734 2254 Lesb.
727 2219 777 2272 .p
770 2197 841 2255 ..46
869 2193 1062 2254 Welcter.

52 2342 54 2351 ,
73 2284 160 2338 Jahn.
177 2281 390 2348 Annall.1830,
407 2281 430 2347 I,
448 2280 474 2336 1.
494 2301 522 2354 p.
539 2279 579 2338 14
589 2301 649 2354 sqq.

139 2377 192 2427 aad
213 2375 308 2426 et'lus.
322 2381 353 2422 vet
367 2371 398 2423 in
419 2389 478 2422 am.
493 2369 582 2444 deon]
610 2370 654 2424 At.
673 2369 830 2422 votuerunt:
857 2367 918 2424 Sed
934 2369 1020 2424 Ana-

75 2473 166 2510 creon
188 2453 303 2526 (nomen
318 2451 352 2504 do
369 2451 524 2522 conjectura
537 2452 693 2523 inserentes)
712 2453 780 2510 hesit
796 2489 804 2504 .
820 2488 828 2505 .
842 2485 849 2506 .
865 2489 873 2506 .
893 2462 923 2504 ut
937 2471 1018 2523 quem

8 2535 10 2546 '
74 2537 124 2592 hic
143 2537 273 2590 omissum
292 2554 375 2608 aegre
391 2534 502 2590 surrent.
555 2533 610 2588 Sed
629 2533 751 2607 sequitur
775 2531 889 2602 Quintil.
909 2534 1020 2607 Diony-

74 2619 158 2688 sium,
178 2618 225 2692 qui
233 2617 317 2676 altero
333 2627 405 2690 certe
419 2616 480 2673 loco
490 2625 517 2670 ct
530 2615 586 2688 ipse
601 2615 707 2670 silentio
722 2614 909 2689 praetermisit,
926 2627 1020 2688 utpote
1063 2653 1067 2664 .

75 2701 113 2755 ad
129 2700 322 2754 instituendum
337 2710 472 2752 oratorem
488 2699 577 2751 minus
591 2697 730 2752 idoneum.
770 2697 915 2752 Praeterea
928 2697 1021 2771 inepte

76 2783 418 2858 Quintposuissettnzaj.
433 2791 532 2834 tamon
546 2791 606 2850 apt.
624 2781 659 2836 ad
675 2779 855 2840 Anacreontis
870 2799 956 2852 nugas
970 2799 1016 2833 re-

74 2866 131 2920 lata
145 2886 170 2919 v.
185 2864 282 2918 Matth
297 2863 357 2917 Alc.
371 2884 399 2936 p.
391 2858 441 2920 .4.
481 2862 694 2950 Proparithauc
711 2873 833 2916 nostram
848 2861 1016 2918 rationeml.

77 2943 285 3006 &vielcter
256 2968 300 3020 ..p
294 2947 364 3002 .20.

140 3035 295 3110 Simonid]
323 3033 411 3100 Ceut,
432 3029 478 3087 Ol.
492 3027 581 3088 55-
590 3030 644 3099 77,
664 3052 688 3084 v.
704 3027 860 3084 Groddeclr.
875 3027 936 3082 hist.
951 3028 1020 3084 liter.

77 3118 178 3174 Graec.
172 3141 219 3192 .p.
236 3122 284 3182 62.
324 3115 442 3187 Dionys.
464 3113 529 3167 dixit
548 3133 610 3167 eum
626 3103 788 3172 οἰκτίζεσθαι
805 3133 844 3186 μη
836 3109 1022 3188 parotoipe-

76 3197 627 3278 πῶς,ι1ςΠιιδαρος,ἇλλάπιιθηιικῶς.

139 3303 201 3352 elus
210 3283 270 3359 op]
292 3280 387 3356 quod
381 3266 421 3334 ist
428 3277 593 3334 miserationi
608 3275 820 3332 commonendae
822 3285 931 3363 aptum,
948 3271 1022 3352 &pii

74 3391 132 3431 not,
150 3369 267 3438 unum.

142 3445 284 3525 antip’]
266 3449 381 3531 appoto,
402 3465 427 3498 v.
444 3444 542 3500 Heind.
558 3441 628 3498 Hor.
642 3441 663 3496 1.
684 3437 772 3495 Serm.
787 3437 815 3508 4,
832 3438 858 3495 1.
