2374 3906
464 103 810 261 &aas
882 93 895 100 ”

159 347 271 417 tiones,
305 359 379 424 qnas
398 331 506 402 vocam
514 337 615 411 θέσεις
629 337 772 414 diximus,
794 335 905 421 quibus
920 333 1034 402 Cicero
1054 339 1116 422 jam

162 430 307 516 princeps
327 429 360 491 in
380 427 539 511 republica
567 428 699 490 exerceri
720 429 844 490 solebat.
904 426 961 490 His
984 426 1118 498 confinis

107 523 212 586 12eat
231 521 393 582 destructio
413 535 440 580 ct
458 541 516 580 con
531 519 651 580 amatio
670 519 896 579 sententiarum.
942 515 1117 580 Nemeum

163 611 203 674 sit
230 609 376 672 sententia
410 607 564 670 decretum
593 607 747 688 quoddam
779 621 867 688 atque
898 621 1118 690 praeceptum

166 699 250 784 quod
271 699 308 760 de
324 721 375 784 re,
402 697 484 758 idem
507 697 545 758 de
563 696 678 782 judicio
693 691 740 756 rei
757 695 862 778 paneri
873 709 982 778 potest
1036 697 1119 758 Tum

167 790 436 862 lucicomum,
461 807 538 868 quos
557 785 647 848 etiam
667 785 797 868 scriptos
812 783 850 848 ab
867 785 1040 847 oratoribus
1059 785 1119 848 soi-

63 907 68 910 ·
167 900 242 940 mus.
293 877 378 938 Nam,
394 875 447 958 qui
463 876 538 946 baec
561 889 643 936 recta
655 889 790 952 tentum,
822 874 896 936 etin
912 875 1010 936 nullos
1023 874 1120 962 flenrs

171 965 342 1030 recedentia
365 963 491 1048 copiose
504 963 687 1042 tractaverit,
708 963 812 1048 utique
828 962 934 1024 inillis
950 965 1055 1046 plures
1073 987 1121 1027 ex-

166 1077 278 1120 ‘cursus
288 1053 505 1136 recipientibus
519 1053 617 1140 magis
631 1053 811 1130 abundabit,
836 1052 951 1136 eritque
965 1053 998 1114 in
1012 1075 1123 1138 omnes

114 1153 292 1212 13.caussas
307 1158 437 1228 paratus.
461 1197 462 1202 ,
489 1135 701 1206 Omnesenim
724 1141 917 1228 generalibus
937 1143 1124 1225 ‹snaestioni-

172 1239 231 1300 bus
253 1247 397 1306 constant.
446 1231 527 1294 Nam
548 1232 622 1316 quid
639 1232 941 1307 intereat-Cornelius
963 1232 1125 1314 Tribunus

171 1325 273 1409 plebis
292 1326 375 1408 quod
395 1324 530 1384 codicem
553 1324 677 1405 legerit,
705 1343 776 1382 reus
790 1321 844 1382 sit:
875 1342 1123 1407 an·quaeramus,

178 1415 356 1492 Violcturne
368 1413 530 1494 majestas,
555 1413 584 1474 si
602 1413 801 1493 magistratus
819 1413 1010 1494 rogationem
1029 1435 1124 1472 suam

175 1493 291 1587 populo
308 1505 374 1585 ipse
396 1503 595 1562 recitaverit?
638 1502 721 1564 Milo
744 1501 881 1576 Clodiam
903 1516 1021 1561 rectene
1041 1503 1125 1562 ccci-

102 1669 104 1672 ·
178 1594 272 1668 derit,
295 1589 394 1652 veniat
405 1590 442 1674 in,
452 1589 614 1676 judicium:
627 1612 691 1666 -en,
718 1591 902 1671 oporteatne
916 1592 1126 1651 insidiatorem

179 1683 328 1763 interfici,
358 1682 408 1741 uel
422 1681 630 1762 perniciosum
645 1680 848 1761 reipublicae
868 1681 981 1754 civem,
1004 1680 1127 1742 etiamsi

180 1793 245 1832 non
263 1770 450 1832 insidietur?
501 1767 576 1830 Cato
596 1768 944 1842 Marciamsltcnestene
957 1770 1129 1830 'tradiderit

181 1861 360 1938 Hortensio:
386 1880 441 1935 an,
463 1858 668 1920 Conveniatne
682 1881 732 1919 res
748 1859 819 1918 talis
834 1858 913 1918 bono
930 1858 1028 1918 etro?
1077 1857 1127 1919 De

124 1948 320 2034 14.pers0nis
337 1947 503 2033 judicatur,
525 1947 633 2008 sedda
656 1947 748 2009 rebus
765 1945 966 2008 contendiuar.
1011 1947 1128 2008 Decla-

181 2041 329 2102 mationes
341 2059 430 2114 vero,
454 2037 556 2121 quales
569 2036 602 2098 in
615 2037 729 2100 scholis
747 2037 903 2098 rhetorum
918 2029 1076 2114 dicuntur,
1102 2034 1128 2098 si

244 2203 356 2280 Cat-erc]
376 2205 425 2260 cfr.
440 2203 475 2258 ad
489 2204 545 2263 Au
562 2205 591 2274 9,
607 2203 635 2264 4.
644 2208 661 2274 ,’
673 2223 743 2278 quac
759 2225 802 2278 ep.
816 2201 917 2276 scripta
932 2213 971 2260 est
986 2221 1059 2258 enno
1076 2213 1134 2258 net.

181 2287 238 2342 Cic.
253 2289 301 2343 58.
753 2343 755 2348 ,

235 2363 417 2448 ’ἀεσινυσϋῄ
438 2358 602 2444 κατασκευή,
624 2374 761 2444 destruere
778 2368 929 2430 orationem
944 2373 992 2442 XI,
1008 2373 1036 2443 1,
1051 2375 1081 2446 2.

163 2502 166 2508 ,
248 2467 277 2522 C.
293 2465 420 2538 CorneL]
440 2463 475 2520 A.
491 2463 1004 2539 lt.687.1egequadampronulgan
1020 2476 1130 2520 senatus

185 2547 371 2602 auctoritatem
392 2547 535 2604 minuerat,
584 2544 664 2616 Quae
680 2547 722 2601 lex
740 2563 802 2602 eum
818 2547 1130 2602 omnibustsenatoribus

184 2628 358 2684 vehementer
378 2624 594 2706 improbaretur,
620 2629 677 2702 ejus
699 2629 801 2704 collega
818 2620 981 2696 interceisit,
1010 2628 1131 2702 legema
1174 2643 1175 2718 p

183 2731 319 2784 praecone
334 2711 437 2794 populo
449 2711 556 2769 recitari
571 2731 628 2766 non
647 2730 749 2785 passus.
796 2713 869 2766 Tum
886 2711 970 2766 Corn.
987 2711 1045 2784 ipse
1058 2711 1130 2766 reci-

184 2793 257 2860 tarit,
271 2815 303 2849 r.
317 2793 419 2848 Asson.
434 2793 501 2848 Ped.
516 2813 619 2868 argum.
635 2807 702 2850 orat.
719 2795 740 2850 Ι.
754 2794 811 2850 Cic.
826 2813 878 2869 pro
892 2793 975 2850 Corn.
989 2801 1033 2868 ap'.
1043 2793 1131 2850 Orell.

184 2875 248 2930 Vol.
263 2876 311 2931 lv,
327 2895 354 2951 p.
368 2876 442 2950 11.p.
456 2875 516 2933 445
530 2897 590 2950 sqq.
1118 2927 1120 2932 .
1174 2931 1175 2964 ,

247 2967 318 3020 Cato
338 2967 446 3042 Marc]
464 2979 466 2991 '
483 2965 551 3021 Cato
572 2965 708 3022 Uticensis
732 2966 858 3040 precibus
882 2964 987 3036 Quinti
1003 2963 1131 3022 Horteus.

183 3049 294 3104 maximi
308 3047 479 3104 admirator-is
493 3049 596 3104 virtutis
609 3067 690 3115 suae,
711 3048 847 3102 Marciam
861 3067 976 3102 uxorem
988 3049 1131 3116 concessit,

111 3191 114 3196 ,
167 3149 247 3202 ,cum
261 3132 302 3186 fas
318 3152 375 3186 esse
389 3131 515 3187 Hortens.
530 3141 657 3206 negaret,
680 3130 791 3186 Catonis
805 3131 881 3186 illum
897 3129 1058 3205 sanguinem
1071 3131 1131 3205 plus

97 3283 102 3288 .,
185 3233 267 3286 quam
284 3213 434 3270 humanum
448 3233 504 3268 una
518 3213 651 3270 contineri
666 3213 759 3268 domo.
1078 3219 1081 3231 '

85 3289 89 3296 ι
244 3303 425 3380 nectamur]
445 3303 581 3359 orationes
591 3302 631 3359 ‚de
647 3305 727 3366 rebus
742 3303 811 3358 fictis
827 3299 1023 3363 exercitationis
1038 3319 1132 3357 mussa

95 3405 98 3410 ·
183 3384 299 3458 scriptae
318 3407 376 3445 non
395 3387 425 3441 in
445 3385 507 3440 foro
527 3385 653 3452 habitae,
681 3385 802 3440 schntd.
823 3385 889 3440 Hor.
911 3383 933 3438 1.
959 3381 1033 3458 Epp.
1054 3383 1085 3450 2,
1105 3385 1132 3438 2.

186 3465 280 3523 Garat
295 3468 389 3526 Plane.
404 3489 431 3542 p.
442 3469 503 3552 205
519 3488 559 3542 sq.
572 3465 717 3522 Wunder.
