2374 3906
383 86 719 164 ...gg-s

774 153 792 186 Χ

69 283 285 362 scribendum,
309 295 359 346 aut
361 217 557 386 legendum,
580 295 631 345 aut
650 279 813 346 dicendum
833 282 901 365 rapi
923 283 1024 366 aliquo

68 387 227 436 momento
251 371 397 474 temporis
417 371 522 456 possit
577 369 785 475 SiquidemC.
806 369 913 434 Carbo
932 372 1021 436 etiarn

68 462 104 523 in
128 463 323 526 tabernaculo
347 451 464 524 solebat
491 461 548 523 hac
577 461 622 524 uti
648 461 858 524 exercitatione
889 457 1020 544 dicendi.
1106 502 1107 512 ι

68 553 122 613 Ne
139 550 173 611 id
187 550 310 634 quidem
323 550 500 627 tacendum,
524 551 608 634 quod
619 551 729 632 'eidam
746 539 890 614 Ciceroni
909 535 1018 633 placet,
1027 552 1078 611 28.

69 641 187 702 nullum
208 654 346 702 nostrum
367 662 494 722 usquam
515 627 727 726 negligentem,
744 661 809 702 csse
825 643 1019 702 sermonem:

69 727 224 830 quidquid
241 727 403 813 loquemur
415 729 607 811 ubicunque,
629 729 668 791 sit
680 752 738 812 pro
752 751 806 792 sua
819 729 935 790 scilicet
947 751 1020 811 por-

66 817 155 879 tione
177 817 354 900 perfectum.
404 818 610 880 scribendum
632 833 713 880 certe
730 841 883 902 nunquam
900 833 1020 882 astina

67 907 137 992 gis,
164 928 254 988 quam
279 929 356 970 cum
365 907 457 970 multa
478 907 644 970 dicemus
631 929 669 969 ex
684 921 832 990 tempore.
873 907 915 968 lta
935 907 1016 970 enirn
1072 968 1076 986 ,
1108 921 1112 933 ’

28 989 34 994 ’
66 993 239 1057 servabitur
254 997 390 1080 pondus,
420 1011 450 1059 et
471 988 617 1062 innatans
634 995 685 1060 illa
706 999 869 1059 verborum
892 996 1018 1060 facilitas

66 1083 102 1144 in
125 1085 217 1146 altum
241 1087 417 1148 reducetur·
450 1085 528 1148 sicut
546 1084 652 1148 rustici
671 1086 823 1168 proximas
846 1085 914 1148 vitis
937 1085 1016 1148 radi·

67 1194 121 1235 ces
148 1188 317 1255 amputent,
356 1191 432 1276 quae
452 1173 563 1236 illam
554 1199 588 1236 m
607 1197 756 1236 summum
779 1177 877 1238 solum
897 1175 1016 1252 ducant,

65 1276 102 1325 ut
120 1261 280 1324 inferiores
304 1263 425 1346 penitus
447 1263 659 1326 descendendo
679 1261 842 1326 firmentsrr.
892 1263 939 1326 Ac
963 1286 1015 1324 ne
1022 1267 1074 1327 29.
1158 1341 1159 1344 ι

66 1351 134 1412 scio
149 1373 200 1430 an,
223 1351 250 1412 si
261 1365 422 1436 utrumque
437 1374 506 1414 cum
525 1376 596 1416 cura
612 1365 644 1431 et
653 1351 753 1416 studio
768 1351 977 1429 severimus,
968 1377 1014 1412 nr-

65 1439 166 1500 vioem
185 1439 298 1523 prosit,
332 1455 367 1503 ut
387 1441 551 1505 scribendo
581 1433 716 1502 dicamus
745 1441 936 1529 diligentius,
969 1441 1013 1504 di-

67 1529 167 1590 cendo
190 1529 356 1591 scribamus
376 1528 501 1592 facilius.
554 1530 758 1593 Scribendum
778 1553 871 1618 ergo,
895 1530 1013 1614 quoties

65 1617 188 1694 licebit3
225 1617 252 1679 si
271 1619 305 1686 id
321 1642 386 1682 non
411 1620 545 1698 dabitur,
574 1634 659 1706 cogi
638 1619 785 1682 andum
825 1621 862 1684 ab
881 1635 1011 1702 utroque
1071 1644 1072 1654 ¹

65 1705 195 1782 exclusi,
232 1708 344 1770 debent
368 1723 467 1770 tamen
490 1709 600 1786 anniti,
633 1724 667 1770 ut
685 1731 784 1792 neque
806 1709 1010 1792 deprehensus

66 1809 185 1872 orator,
214 1819 313 1880 neque
331 1797 467 1884 litigator
486 1798 640 1864 destitutus
662 1820 727 1860 esse
748 1797 891 1860 videatur
941 1793 1032 1860 Ple—¹
1017 1817 1068 1875 30,
1152 1833 1156 1848 «

63 1906 193 1966 rumque
210 1900 308 1947 autem
320 1888 411 1947 multa
433 1887 592 1974 agentibus
614 1887 739 1963 occidit,
763 1901 797 1950 ut
815 1885 941 1948 maxime
956 1910 1008 1948 ne-

65 1973 209 2049 cessaria,
233 1989 266 2046 et
279 1973 383 2076 utique
405 1974 488 2035 initia
509 1975 658 2052 scribant,
680 1989 796 2052 cetera,
819 1998 895 2058 quac
917 1977 1008 2038 domo
1099 2029 1100 2036 ,

62 2062 205 2139 afferunt,
228 2063 412 2150 cogitatione
427 2067 679 2149 complectantur,
708 2063 816 2126 subitis
829 2088 863 2127 ex
873 2077 1009 2148 tempore

62 2149 232 2216 ocdurrant.
378 2211 379 2218 ,

151 2233 245 2332 Qdod
266 2241 375 2306 fecisse
390 2243 437 2310 M
459 2243 591 2308 Tullium
609 2242 831 2310 commentariis
843 2242 941 2326 ipsius
956 2266 1008 2328 ap·
1067 2295 1069 2301 ι

125 2404 155 2456 C.
170 2401 275 2479 Carbo]
303 2402 359 2458 Csr.
381 2403 459 2459 Brut.
471 2407 530 2470 27;
557 2405 625 2460 lor
644 2403 691 2462 34.
739 2404 807 2459 Erat
829 2405 921 2460 aetatis
942 2426 1008 2460 suae

64 2483 314 2556 eloquentissimus,
340 2487 445 2542 633³.
465 2508 493 2542 ιι.
510 2487 571 2542 trib.
592 2488 686 2576 plebis
698 2488 874 2542 seditionibus
892 2489 1008 2555 larebat,

64 2565 158 2620 consul
180 2567 266 2621 factus
289 2587 317 2622 se
333 2565 464 2637 correiit,
492 2570 586 2624 Muell.
601 2569 658 2626 Cic
679 2589 718 2622 or.
738 2591 765 2642 p.
783 2570 850 2626 102.
893 2571 1009 2624 Videtur

64 2659 154 2702 autem
177 2648 272 2716 Quint.
294 2650 447 2704 confudisse
471 2672 513 2705 res
532 2651 640 2706 alterius
664 2651 813 2720 Carbonis,
845 2651 895 2706 Cn.
915 2651 1006 2724 Papir.

64 2729 163 2796 Carb.‚
196 2749 212 2783 a
234 2750 288 2802 quo
303 2733 439 2804 repetiisse
456 2733 562 2788 videtur
575 2733 793 2792 tabernaculum:
824 2745 916 2808 nqster
931 2734 1005 2786 enim

62 2813 192 2884 eloquens
211 2811 277 2879 suit,
304 2833 357 2867 nec
371 2815 528 2883 bellicosus,
549 2817 692 2870 bellicosus
707 2815 751 2873 ille
767 2837 819 2870 nec
834 2815 1005 2887 eloquentiae

61 2894 142 2947 laude
159 2893 280 2968 insignis.
321 2897 357 2950 V.
372 2895 489 2952 Ellendt.
505 2899 572 2952 Hist.
589 2897 631 2951 ΕΙ.
647 2899 726 2952 Rom.
743 2919 769 2970 p.
788 2897 942 2966 XXXVII..

82 2979 264 3057 portiom]
290 2981 388 3038 Cicero
409 2983 518 3041 dixisset
536 2996 641 3056 parte,
672 2982 778 3043 Dronk.
798 2985 885 3040 Tacit.
910 2984 1002 3060 A'gsic.
1078 2998 1084 3010 ¹

60 3085 87 3137 p.
104 3065 170 3120 168.
760 3123 763 3130 ,
959 3121 960 3128 ,

122 3129 274 3248 innotqns]
300 3133 546 3220 ἓπιπολάζουσα,
526 3175 567 3210 ιιι
589 3157 738 3234 superficie
754 3175 783 3208 se
806 3167 917 3224 tenens,
949 3175 1021 3216 non„

61 3243 203 3308 penetrans
217 3235 248 3290 in
263 3257 323 3293 rem
338 3240 424 3312 ipsarn
439 3237 476 3290 ita
492 3237 521 3292 in
536 3239 702 3311 profundunt
719 3239 896 3311 sevotcbitur.

27 3321 28 3362 ἶ
124 3318 287 3394 utrumque]
309 3331 336 3374 et
348 3321 467 3376 scribere
480 3332 506 3374 et
524 3321 623 3375 dicere.

122 3401 344 3478 commentario]
366 3405 441 3466 Libri
453 3422 588 3457 summam
610 3390 720 3458 caussae
728 3404 859 3478 agendae
874 3372 1007 3476 eoniplcxi

787 3494 843 3566 6*
