2374 3906
436 119 487 136 ...
582 83 776 156 40..-

523 185 524 190 .
750 170 753 190 .

140 280 262 342 Sextios
278 292 416 364 secutus,
439 301 502 345 non
523 279 588 344 sine
604 279 684 344 cuitu
702 295 737 342 ac
751 277 858 340 nitore.
903 279 1036 348 Plautus
1051 275 1107 365 51²,

142 366 253 433 stoicis
265 390 367 432 renim
381 371 551 456 cognitioni
570 371 659 434 utilis.
702 369 736 431 Iu
750 364 914 452 Epicureis
932 365 1007 430 levis
1021 364 1099 450 quti-

68 449 137 514 125·
146 455 230 536 dem,
254 457 384 522 sednon
396 459 577 545 injucundus
590 473 690 521 nmen
703 471 808 523 auctor
823 469 868 518 est
878 455 1010 520 Catius..
1041 454 1102 516 Ex

145 545 291 610 industria
312 549 462 610 Senecam
480 549 512 610 in
534 547 617 612 omui
638 567 751 635 genere
767 543 956 629 eloquentiae
976 541 1099 622 distuli,

145 648 273 724 propter
283 637 432 724 vulgatam
444 635 519 700 falso
536 639 576 698 de
586 657 635 698 me
649 635 824 720 opinionem
830 649 852 712 ,⁸
863 633 933 716 quia
948 634 1101 695 damnare

148 744 235 802 eum,
262 738 291 788 et
311 723 441 786 invisum
455 749 576 811 proque
591 725 704 788 habere
718 747 788 785 sum
809 723 950 785 creditus.
995 720 1102 812 Quod

148 813 259 878 occidit
270 813 361 891 mihi,
389 814 460 877 dum
478 829 654 898 corruptum
670 829 699 876 et
713 812 857 877 omnibus
867 811 947 894 vitiis
962 809 1101 874 fractum

151 895 273 968 dicendi
291 925 389 990 genus
407 905 607 981 revocas-ead
627 903 777 984 seperiora
796 899 910 988 judicia
930 900 1101 964 contendo.

74 993 232 1058 stomun
251 991 350 1054 autem
376 994 458 1056 solus
486 993 538 1058 hio
558 991 673 1058 sercin
695 991 834 1053 manibus
857 988 1103 1053 adolescentium

150 1079 214 1146 bic
261 1081 371 1173 ,Quem
391 1105 455 1145 non
475 1081 617 1166 equidem
644 1081 768 1144 omnino
789 1081 923 1143 conabar
946 1092 1102 1156 excutere,

150 1169 206 1234 sed
218 1170 389 1252 potioribut
401 1169 547 1254 praeferri
559 1193 622 1234 uon
636 1171 788 1248 sinebam,
812 1192 890 1254 qisos
902 1169 954 1231 ille
967 1190 1032 1231 non
1045 1168 1105 1229 da-

79 1295 81 1302 ·
152 1259 266 1322 stiterat
283 1257 450 1338 incessere,
488 1285 557 1323 cum
580 1259 689 1323 diversi
712 1259 771 1325 sibi
801 1257 943 1333 conscius
964 1256 1103 1345 generis,

129 1369 132 1380 ·
154 1349 274 1433 placere
291 1371 323 1411 se
337 1349 370 1412 in
385 1349 513 1414 dicendo
529 1372 637 1434 posse,
661 1347 772 1433 quibm
790 1348 834 1412 illi
847 1349 1015 1432 placerent,
1040 1345 1104 1424 ‹tif-

43 1453 47 1466 '
156 1436 272 1501 fideret.
299 1438 449 1502 Amabant
459 1454 557 1502 autem
572 1461 641 1501 crau
653 1437 761 1528 magis,
785 1461 874 1521 quem
887 1435 1104 1498 imitabantur:

42 1526 43 1538 ¹
155 1539 330 1610 tantumque
357 1531 394 1591 ab
407 1550 455 1594 ,eo
477 1528 660 1606 defluebant,
690 1540 834 1611 quantum
847 1526 897 1588 ille
911 1527 950 1590 ab
967 1523 1105 1608 antiquis

81 1615 361 1679 127.descenderat.
404 1618 496 1680 Feret
515 1617 595 1680 enim
614 1617 794 1700 optandum,
816 1637 922 1700 pares,
943 1637 979 1676 ac
996 1615 1107 1676 saltem

157 1705 312 1788 proximos
337 1704 383 1767 illi
399 1687 465 1769 viic
495 1703 569 1768 fieri.
635 1706 700 1768 Sed
718 1705 859 1788 placebat
880 1694 1107 1788 propter'sola

157 1793 243 1872 vitia,
264 1809 301 1872 ,et
323 1795 362 1856 ad
384 1817 419 1856 ea
441 1815 473 1856 se
488 1794 621 1880 'quisque
640 1795 792 1882 dirigebat
810 1795 993 1882 effingenda,
1023 1814 1107 1875 qaae

156 1897 291 1968 potesate
321 1883 431 1947 deinde
452 1906 523 1946 cum
544 1906 577 1946 se
595 1885 720 1971 jactaret
739 1885 850 1948 eodem
870 1881 964 1948 modo
985 1881 1106 1960 dicere,

222 2044 346 2114 Sextios]
364 2045 492 2116 Patrem,
513 2045 641 2102 Ciceroni
661 2066 822 2120 supparem,
851 2043 946 2114 etsd„
973 2042 1022 2116 qui
1042 2043 1108 2117 Py-

158 2123 287 2200 thagorae
310 2128 465 2202 disciplinae
487 2129 587 2184 addicti
607 2148 706 2188 novam
721 2129 818 2204 philos.
838 2125 961 2184 scholam
982 2124 1106 2182 condere

160 2209 320 2274 studebant,
340 2232 364 2264 r.
378 2213 443 2266 Scn.
460 2211 496 2281 Q.
514 2212 576 2266 Nat.
589 2211 652 2277 Vll,
673 2212 722 2270 32.

220 2293 358 2362 Plautus]
377 2293 420 2348 Al.
435 2293 574 2348 Plancus.
614 2293 731 2370 Videtur
744 2295 884 2350 obscurus.
943 2317 946 2329 ·

223 2377 389 2444 cognitioni]
406 2374 451 2430 Al.
466 2378 635 2444 cognitione.

224 2457 333 2523 Catius]
355 2457 485 2524 insuber,
509 2457 598 2512 Cicer.
613 2458 761 2530 aequalia

221 2538 373 2607 edocuerat]
395 2538 438 2593 ΑΙ.
454 2539 725 2596 addunt‘versatum.
811 2543 814 2562 ⁶

222 2630 291 2679 ctum
312 2630 466 2696 contendo]
496 2627 621 2682 Alacrius
642 2639 682 2682 est
700 2647 845 2702 praesens,
878 2647 930 2684 nos
949 2629 1046 2698 iubam,
1081 2651 1107 2688 v.

160 2705 279 2762 Walcb.
294 2707 360 2762 Tac.
376 2707 443 2782 Agr.
458 2707 508 2766 41.
528 2709 626 2764 Mattb.
641 2711 722 2766 Rosc.
738 2703 787 2778 3'2,
810 2710 857 2766 91.

221 2787 395 2860 dey‘luebant]
418 2791 634 2864 degenerabant,
656 2805 686 2849 ut
701 2793 758 2848 Cic.
774 2794 856 2854 Tusc.
868 2793 891 2862 l,
911 2793 961 2852 25.
1174 2813 1175 2866 t

116 2897 119 2908 ·
219 2871 415 2940 descenderat]
435 2873 479 2928 ΑΙ.
494 2873 650 2934 destinarat.

222 2963 310 3017 Foret
322 2964 398 3016 enim
412 2965 480 3032 opt]
504 2963 567 3019 Non
581 2964 652 3018 male
666 2965 743 3020 nen.
759 2987 790 3023 ex
798 2965 878 3020 codd.
894 2965 1001 3020 indiciis
1019 2965 1102 3022 eruit:

159 3043 242 3098 Foret
259 3064 301 3098 cn.
323 3027 445 3114 alicuid,
467 3062 508 3102 z
530 3067 660 3121 magnum
675 3048 755 3120 aliq.,
783 3061 814 3104 ut
835 3047 884 3104 Gr.
899 3053 951 3114 τίς,
972 3070 996 3102 v.
1013 3049 1103 3103 Bern-

159 3115 245 3198 hardy
262 3127 339 3198 Synt.
353 3146 380 3200 p.
396 3125 465 3184 440.
486 3127 607 3184 Schmid.
622 3129 688 3185 Hor.
703 3129 822 3206 11.Epp.
841 3131 868 3200 1,
889 3133 960 3188 206.

221 3229 257 3261 ac
269 3211 348 3278 said]
373 3207 417 3263 Al.
432 3221 485 3263 aut
497 3217 563 3266 salt.
621 3227 625 3241 ’

222 3300 335 3366 deinde]
357 3297 420 3360 Non
433 3300 613 3372 praecedente
631 3300 741 3374 quidem
753 3293 882 3372 prinum
898 3303 946 3358 sed
962 3323 992 3358 ex
1008 3297 1104 3376 prioris

161 3379 265 3451 periodi
280 3380 495 3438 conformatione
510 3383 672 3456 repetendo,
693 3405 718 3438 v.
735 3385 818 3440 Goer.
833 3384 891 3440 Cic.
905 3385 938 3440 11.
954 3385 1040 3442 Acad.
1058 3385 1103 3452 12,
