2374 3906
413 111 791 194 '-16--

84 372 86 379 .
149 319 210 386 tos
229 313 415 394 emoituos,
444 335 536 380 nemo
561 311 620 380 erit
637 328 699 380 tem
717 314 877 402 indoctus,
906 313 961 400 qui
982 337 1047 380 non
1066 315 1101 382 in
1178 327 1179 374 ι

152 423 207 472 sna
229 419 379 492 potestate
399 404 482 468 huno
507 418 662 488 auctorem
683 385 824 468 habuisse
844 402 977 469 fateatur.
1030 399 1132 510 Age

151 517 242 574 ιιιο,
280 517 345 572 pon
370 493 526 580 uniusque
549 494 650 578 operis
678 494 835 584 ingressus
852 491 887 555 in
907 493 1100 598 paucissimis

152 584 290 652 versibus
307 586 410 673 legem
423 583 667 668 prooemiorum,
688 607 753 650 non
767 583 854 662 dioo,
878 582 1023 662 serraeit,
1044 583 1101 648 sed

154 673 333 750 constiutit?
376 674 458 737 Nam
479 687 511 738 et
524 671 706 737 beuevdlum
723 671 917 736 auditorem
907 671 1101 776 invocatione

154 765 307 842 Duarum,
331 785 405 848 qum
420 763 601 866 praesidere
623 762 740 831 ratibus
760 762 909 828 creditum
923 776 984 841 est,
1005 776 1036 824 et
1053 760 1100 824 in-

114 865 274 920 tentum
299 851 459 937 proposita
492 875 595 916 rerum
625 852 871 938 magnitudine,
893 865 924 914 et
959 851 1100 954 docilem,
1179 893 1180 900 ι

95 933 149 999 49·
156 965 272 1031 summa
286 941 423 1007 celeriter
440 942 659 1026 comprehensa
675 939 756 1004 fauit.
798 943 931 1004 Narrare
944 957 1017 1004 tero
1032 939 1101 1024 quis

98 1019 294 1110 lar-evius,
325 1053 415 1116 quam
433 1031 486 1115 qni
504 1045 633 1096 mortem
649 1031 775 1096 nunciat
793 1029 941 1109 Patrocli,
971 1029 1038 1115 quis
1060 1028 1100 1090 si-

156 1119 349 1224 gnifiqmdus
369 1134 486 1204 potest,
516 1143 606 1206 qurum
626 1143 679 1204 qur
669 1117 843 1184 Curetum
861 1119 1102 1213 Aetolorumque

155 1210 303 1306 praelium
318 1208 465 1302 exponit?
506 1209 577 1274 dam
594 1209 821 1288 similitudines,
843 1203 1102 1294 amplificationes,

159 1297 309 1384 exempla,
343 1293 533 1386 digressus,
548 1299 637 1403 signa
657 1321 775 1378 rerum,
805 1313 836 1363 et
855 1312 1033 1401 argumenta
1052 1319 1103 1360 oe·
1180 1355 1181 1384 Ρ

60 1461 63 1472 ,
157 1406 280 1494 turaque
305 1409 382 1474 quae
407 1388 559 1472 probandi
586 1411 622 1451 ao
644 1387 794 1452 refirtandi
815 1402 899 1466 sunt,
936 1387 979 1451 itu
1000 1387 1104 1464 multa,
1128 1401 1131 1408 ’

60 1494 63 1504 “
159 1496 193 1544 ιιι
211 1479 317 1556 odam,
352 1477 405 1561 qui
428 1478 465 1540 de
486 1477 599 1540 artibus
621 1478 821 1561 scripserunt,
849 1475 980 1560 plurima
1000 1497 1105 1538 earum

100 1577 153 1646 50.
160 1592 262 1634 remm
279 1566 450 1631 testimonia
467 1567 505 1628 ah
524 1567 584 1631 hoo
603 1582 694 1669 poeta
706 1581 822 1650 potant.
863 1567 945 1629 Nam
964 1565 1106 1651 epilogus

159 1659 283 1745 quidem
294 1657 361 1740 quis
373 1678 506 1740 unquam
518 1657 632 1738 poterit
643 1655 703 1718 illis
719 1655 833 1720 Priami
845 1655 984 1758 rogantis
1001 1653 1106 1718 Achil·

157 1751 219 1814 lem
237 1746 382 1832 precibus
403 1745 549 1828 aequari?
587 1744 751 1848 Quint·
741 1769 775 1807 ιιι
793 1744 910 1824 verbis,
940 1742 1107 1821 sententiis,

158 1837 283 1928 figuris,
317 1833 518 1920 dispositione
540 1833 631 1908 totius
659 1834 776 1920 operis,
799 1857 903 1899 nonno
917 1831 1068 1900 humani'
1058 1856 1106 1896 m·

204 2001 383 2077 auctorem]
401 2001 498 2057 Cicero
513 1999 804 2072 diiissetsers'ptorem,
814 2013 944 2074 poetam,
960 2001 1010 2058 uir.
1023 1999 1106 2059 Frie-
1182 2041 1183 2068 3

161 2087 232 2145 dem.
248 2087 283 2141 ad
296 2083 404 2140 Ruhnl.
419 2085 522 2159 Opusc.
538 2085 572 2140 T.
588 2085 610 2138 l.
624 2105 651 2158 Ρ.
669 2083 736 2141 127.

218 2175 294 2250 non]
315 2173 358 2230 Al.
377 2193 493 2238 saurauer
519 2194 544 2229 v.
559 2171 680 2229 Schmid.
693 2172 760 2229 Hor.
775 2173 810 2232 ll.
823 2173 894 2248 Epp.
909 2171 938 2243 1,
959 2173 1009 2230 ⁵3.
1029 2169 1106 2246 quod

161 2279 205 2334 ap.
222 2257 279 2314 Cio.
293 2275 401 2330 quoque
415 2257 445 2312 in
464 2255 719 2332 interrogationibus
734 2275 815 2330 saepe
835 2256 949 2330 legitur,
969 2256 1107 2330 legeretur

53 2387 57 2400 .
160 2341 282 2416 saepius,
302 2339 355 2394 nisi
373 2360 389 2393 a
407 2338 523 2392 librariis
539 2339 636 2394 crebro
657 2349 725 2409 esset
747 2339 937 2406 obscuratum,
958 2359 983 2394 v.
1001 2339 1106 2396 Wun-

162 2423 220 2481 der.
239 2421 274 2476 ad
290 2420 347 2476 cic.
361 2420 455 2476 Plano.
469 2441 496 2493 p.
513 2420 581 2476 170.
600 2421 711 2475 Passov.
729 2419 804 2475 Pers.
819 2441 847 2494 p.
862 2421 933 2477 277.

221 2511 300 2566 Nam
317 2519 346 2562 et
367 2507 505 2584 bonoad]
525 2509 571 2566 De
591 2507 633 2564 his
657 2507 783 2564 omnibus
807 2510 857 2567 cfr·
874 2506 976 2567 scholi.
992 2517 1055 2567 vell·
1075 2507 1106 2564 in

132 2593 236 2654 Attal.
250 2613 278 2667 Ρ.
270 2591 320 2650 ..1
336 2589 419 2646 Bell.

178 2679 370 2754 Deorum]
389 2677 503 2736 Initll.
522 2677 594 2746 θια,
623 2677 724 2754 Odyss.
745 2677 863 2746 Matisa,
888 2678 978 2749 πάσας
996 2678 1095 2738 tot*
1060 2700 1109 2750 ιηι

160 2765 224 2841 aa&
238 2765 335 2827 mltis,
355 2759 447 2822 schol.
462 2759 575 2836 Didym.

161 2852 166 2868 ¹
225 2863 311 2910 mort.
325 2851 516 2934 -Patroo.]
538 2851 570 2908 ll
586 2857 628 2918 Σ,
649 2850 764 2912 2⁰.2l.
796 2847 1108 2921 aestuemus,

159 2937 304 3098 ⁵29pirqoll.
319 3043 356 3080 ac
368 3024 467 3100 reſs]
457 3045 476 3082 ι.
489 3043 513 3080 e.
506 3043 597 3098 .quae
611 3033 733 3096 spectant
745 3023 780 3080 ad
794 3025 872 3099 prob.
887 3035 914 3080 et
924 3025 984 3093 reli,
1004 3023 1039 3079 de
1052 3043 1108 3098 qua

163 3118 297 3170 structura
306 3107 382 3162 serbi
394 3127 456 3162 esse
469 3127 532 3162 oum
545 3105 627 3180 gerit.
641 3117 710 3179 part.
722 3107 770 3162 lut.
785 3128 855 3184 pass.
848 3119 890 3162 .et
902 3109 1032 3163 substant.
1039 3107 1109 3182 disp.

164 3201 272 3268 praeter
286 3189 387 3245 Stroth.
403 3189 437 3244 ad
452 3189 510 3246 Lis.
525 3189 574 3256 1v,
589 3185 639 3246 24.
658 3189 743 3247 Kritz.
758 3190 824 3248 Sall.
841 3188 901 3246 Cat
915 3171 965 3262 ill,
979 3189 1008 3247 7

227 3277 359 3353 Prema]
379 3279 411 3334 ll.
429 3283 477 3344 Ω,
498 3277 558 3338 486
572 3295 630 3350 sqq.

227 3367 326 3443 Quid?
338 3393 382 3425 -e-
394 3367 507 3444 nonne]
527 3365 570 3420 De
583 3363 681 3420 talibus
695 3341 939 3445 interrogationum
952 3363 1048 3422 formis
1064 3361 1108 3419 di-

164 3448 203 3508 sit
215 3449 350 3507 Oolrsaer.
365 3449 423 3509 cte.
436 3449 495 3508 Ecl.
509 3471 535 3526 p.
550 3447 599 3504 ⁵2.
631 3531 635 3540 ,
