<?xml version="1.0" encoding="UTF-8"?>
<!DOCTYPE html PUBLIC "-//W3C//DTD XHTML 1.0 Transitional//EN"
    "http://www.w3.org/TR/xhtml1/DTD/xhtml1-transitional.dtd">
<html xmlns="http://www.w3.org/1999/xhtml" xml:lang="en" lang="en">
 <head>
  <title>
</title>
<meta http-equiv="Content-Type" content="text/html;charset=utf-8" />
  <meta name='ocr-system' content='tesseract 3.04.00' />
  <meta name='ocr-capabilities' content='ocr_page ocr_carea ocr_par ocr_line ocrx_word'/>
</head>
<body>
  <div class='ocr_page' id='page_1' title='image "./mfabiiquintilia00augugoog_0010.png"; bbox 0 0 2392 3912; ppageno 0'>
   <div class='ocr_carea' id='block_1_1' title="bbox 277 941 1016 1096">
    <p class='ocr_par' dir='ltr' id='par_1_1' title="bbox 277 941 1016 1096">
     <span class='ocr_line' id='line_1_1' title="bbox 277 941 1016 1096; baseline -0.007 -36"><span class='ocrx_word' id='word_1_1' title='bbox 277 965 812 1096; x_wconf 63' lang='lat' dir='ltr'><strong>&#39;Praefatio</strong></span> <span class='ocrx_word' id='word_1_2' title='bbox 954 941 1016 1008; x_wconf 46' lang='lat' dir='ltr'><strong>ss&#39;</strong></span> 
     </span>
    </p>
   </div>
   <div class='ocr_carea' id='block_1_2' title="bbox 24 1267 1140 3530">
    <p class='ocr_par' dir='ltr' id='par_1_2' title="bbox 24 1267 1140 3530">
     <span class='ocr_line' id='line_1_2' title="bbox 96 1267 1052 1422; baseline 0 -10"><span class='ocrx_word' id='word_1_3' title='bbox 96 1267 236 1422; x_wconf 76' lang='lat' dir='ltr'><strong>Quem</strong></span> <span class='ocrx_word' id='word_1_4' title='bbox 260 1339 410 1414; x_wconf 85' lang='lat' dir='ltr'><strong>Henkius</strong></span> <span class='ocrx_word' id='word_1_5' title='bbox 436 1339 542 1414; x_wconf 90' lang='lat' dir='ltr'><strong>olim</strong></span> <span class='ocrx_word' id='word_1_6' title='bbox 531 1368 568 1412; x_wconf 90' lang='grc' dir='ltr'><strong>ιιι</strong></span> <span class='ocrx_word' id='word_1_7' title='bbox 586 1359 687 1419; x_wconf 85' lang='lat' dir='ltr'><strong>usum¹</strong></span> <span class='ocrx_word' id='word_1_8' title='bbox 692 1335 909 1414; x_wconf 86' lang='lat' dir='ltr'><strong>scholarum</strong></span> <span class='ocrx_word' id='word_1_9' title='bbox 914 1359 1052 1413; x_wconf 82' lang='lat' dir='ltr'><strong>suarum</strong></span> 
     </span>
     <span class='ocr_line' id='line_1_3' title="bbox 94 1440 1052 1560; baseline -0.001 -24"><span class='ocrx_word' id='word_1_10' title='bbox 94 1461 248 1538; x_wconf 85' lang='lat' dir='ltr'><strong>ediderat</strong></span> <span class='ocrx_word' id='word_1_11' title='bbox 270 1440 463 1553; x_wconf 82' lang='lat' dir='ltr'><strong>libellnnr,</strong></span> <span class='ocrx_word' id='word_1_12' title='bbox 472 1490 549 1536; x_wconf 88' lang='lat' dir='ltr'><strong>eum</strong></span> <span class='ocrx_word' id='word_1_13' title='bbox 568 1479 607 1560; x_wconf 84' lang='lat' dir='ltr'><strong>nt</strong></span> <span class='ocrx_word' id='word_1_14' title='bbox 627 1461 731 1536; x_wconf 92' lang='lat' dir='ltr'><strong>sibi</strong></span> <span class='ocrx_word' id='word_1_15' title='bbox 720 1477 957 1554; x_wconf 79' lang='lat' dir='ltr'><strong>instauraret,</strong></span> <span class='ocrx_word' id='word_1_16' title='bbox 976 1463 1052 1560; x_wconf 81' lang='lat' dir='ltr'><strong>ante</strong></span> 
     </span>
     <span class='ocr_line' id='line_1_4' title="bbox 93 1555 1097 1688; baseline -0.001 -31"><span class='ocrx_word' id='word_1_17' title='bbox 93 1585 158 1658; x_wconf 90' lang='lat' dir='ltr'><strong>hos</strong></span> <span class='ocrx_word' id='word_1_18' title='bbox 180 1613 239 1659; x_wconf 83' lang='lat' dir='ltr'><strong>sex</strong></span> <span class='ocrx_word' id='word_1_19' title='bbox 261 1611 395 1660; x_wconf 88' lang='lat' dir='ltr'><strong>menses</strong></span> <span class='ocrx_word' id='word_1_20' title='bbox 414 1586 570 1686; x_wconf 86' lang='lat' dir='ltr'><strong>juvenem</strong></span> <span class='ocrx_word' id='word_1_21' title='bbox 592 1583 676 1660; x_wconf 88' lang='lat' dir='ltr'><strong>adiit</strong></span> <span class='ocrx_word' id='word_1_22' title='bbox 696 1603 790 1676; x_wconf 86' lang='lat' dir='ltr'><strong>curn,</strong></span> <span class='ocrx_word' id='word_1_23' title='bbox 817 1611 917 1688; x_wconf 87' lang='lat' dir='ltr'><strong>quern</strong></span> <span class='ocrx_word' id='word_1_24' title='bbox 931 1555 1052 1659; x_wconf 79' lang='lat' dir='ltr'><strong>titulris</strong></span> <span class='ocrx_word' id='word_1_25' title='bbox 1094 1649 1097 1656; x_wconf 87' lang='lat'><em>.</em></span> 
     </span>
     <span class='ocr_line' id='line_1_5' title="bbox 92 1699 1068 1809; baseline 0.002 -29"><span class='ocrx_word' id='word_1_26' title='bbox 92 1705 260 1796; x_wconf 80' lang='lat' dir='ltr'><strong>ostendit,</strong></span> <span class='ocrx_word' id='word_1_27' title='bbox 281 1706 456 1782; x_wconf 60' lang='lat' dir='ltr'><strong>‘librarius</strong></span> <span class='ocrx_word' id='word_1_28' title='bbox 478 1781 482 1791; x_wconf 84' lang='grc'>,</span> <span class='ocrx_word' id='word_1_29' title='bbox 513 1711 547 1786; x_wconf 88' lang='lat' dir='ltr'><strong>Is</strong></span> <span class='ocrx_word' id='word_1_30' title='bbox 569 1706 674 1784; x_wconf 82' lang='lat' dir='ltr'><strong>verba</strong></span> <span class='ocrx_word' id='word_1_31' title='bbox 696 1707 869 1809; x_wconf 84' lang='lat' dir='ltr'><strong>scriptoris</strong></span> <span class='ocrx_word' id='word_1_32' title='bbox 893 1708 940 1782; x_wconf 73' lang='lat' dir='ltr'><strong>ab&#39;</strong></span> <span class='ocrx_word' id='word_1_33' title='bbox 958 1699 1068 1796; x_wconf 53' lang='lat' dir='ltr'><strong>Hen?</strong></span> 
     </span>
     <span class='ocr_line' id='line_1_6' title="bbox 25 1825 1054 1934; baseline 0.006 -34"><span class='ocrx_word' id='word_1_34' title='bbox 25 1865 27 1900; x_wconf 78' lang='lat' dir='ltr'><strong>t</strong></span> <span class='ocrx_word' id='word_1_35' title='bbox 92 1825 150 1900; x_wconf 84' lang='lat' dir='ltr'><strong>irio</strong></span> <span class='ocrx_word' id='word_1_36' title='bbox 186 1827 231 1902; x_wconf 92' lang='lat' dir='ltr'><strong>ad</strong></span> <span class='ocrx_word' id='word_1_37' title='bbox 240 1826 249 1908; x_wconf 57' lang='grc' dir='ltr'><strong>’,ι</strong></span> <span class='ocrx_word' id='word_1_38' title='bbox 261 1827 464 1914; x_wconf 85' lang='lat' dir='ltr'><strong>Gesneriani</strong></span> <span class='ocrx_word' id='word_1_39' title='bbox 497 1827 694 1934; x_wconf 85' lang='lat' dir='ltr'><strong>exemplaris</strong></span> <span class='ocrx_word' id='word_1_40' title='bbox 728 1829 830 1905; x_wconf 88' lang='lat' dir='ltr'><strong>fidem</strong></span> <span class='ocrx_word' id='word_1_41' title='bbox 862 1831 975 1906; x_wconf 82' lang='lat' dir='ltr'><strong>exacta</strong></span> <span class='ocrx_word' id='word_1_42' title='bbox 1008 1831 1054 1906; x_wconf 88' lang='lat' dir='ltr'><strong>ad</strong></span> 
     </span>
     <span class='ocr_line' id='line_1_7' title="bbox 24 1947 1140 2056; baseline 0.003 -32"><span class='ocrx_word' id='word_1_43' title='bbox 24 2021 25 2024; x_wconf 74' lang='grc'>,</span> <span class='ocrx_word' id='word_1_44' title='bbox 93 1949 372 2052; x_wconf 87' lang='lat' dir='ltr'><strong>Spaldingianam</strong></span> <span class='ocrx_word' id='word_1_45' title='bbox 402 1951 615 2056; x_wconf 87' lang='lat' dir='ltr'><strong>potissimum</strong></span> <span class='ocrx_word' id='word_1_46' title='bbox 627 2011 636 2034; x_wconf 78' lang='grc'><strong>.,</strong></span> <span class='ocrx_word' id='word_1_47' title='bbox 660 1953 887 2028; x_wconf 85' lang='lat' dir='ltr'><strong>anctoritatem</strong></span> <span class='ocrx_word' id='word_1_48' title='bbox 916 1981 1054 2027; x_wconf 82' lang='lat' dir='ltr'><strong>revoca·</strong></span> <span class='ocrx_word' id='word_1_49' title='bbox 1137 1947 1140 1954; x_wconf 48' lang='lat'><strong>⁴</strong></span> 
     </span>
     <span class='ocr_line' id='line_1_8' title="bbox 91 2072 1053 2164; baseline 0 -16"><span class='ocrx_word' id='word_1_50' title='bbox 91 2072 158 2164; x_wconf 82' lang='lat' dir='ltr'><strong>vit,</strong></span> <span class='ocrx_word' id='word_1_51' title='bbox 183 2072 246 2148; x_wconf 89' lang='lat' dir='ltr'><strong>sed</strong></span> <span class='ocrx_word' id='word_1_52' title='bbox 269 2073 333 2164; x_wconf 89' lang='lat' dir='ltr'><strong>ita,</strong></span> <span class='ocrx_word' id='word_1_53' title='bbox 357 2090 395 2147; x_wconf 86' lang='lat' dir='ltr'><strong>nt</strong></span> <span class='ocrx_word' id='word_1_54' title='bbox 414 2102 477 2148; x_wconf 92' lang='lat' dir='ltr'><strong>nec</strong></span> <span class='ocrx_word' id='word_1_55' title='bbox 496 2076 721 2151; x_wconf 79' lang='lat' dir='ltr'>recentiorum</span> <span class='ocrx_word' id='word_1_56' title='bbox 744 2099 841 2150; x_wconf 90' lang='lat' dir='ltr'><strong>curas</strong></span> <span class='ocrx_word' id='word_1_57' title='bbox 864 2072 994 2148; x_wconf 83' lang='lat' dir='ltr'><strong>criticas</strong></span> <span class='ocrx_word' id='word_1_58' title='bbox 1015 2077 1053 2148; x_wconf 93' lang='lat' dir='ltr'><strong>in</strong></span> 
     </span>
     <span class='ocr_line' id='line_1_9' title="bbox 93 2189 1054 2301; baseline 0.003 -32"><span class='ocrx_word' id='word_1_59' title='bbox 93 2195 258 2296; x_wconf 83' lang='lat' dir='ltr'><strong>scriptore</strong></span> <span class='ocrx_word' id='word_1_60' title='bbox 293 2189 587 2298; x_wconf 81' lang='lat' dir='ltr'><strong>praestantissimo¹</strong></span> <span class='ocrx_word' id='word_1_61' title='bbox 618 2197 747 2301; x_wconf 88' lang='lat' dir='ltr'><strong>positas</strong></span> <span class='ocrx_word' id='word_1_62' title='bbox 773 2195 974 2294; x_wconf 81' lang='lat' dir='ltr'><strong>negligeret,</strong></span> <span class='ocrx_word' id='word_1_63' title='bbox 1021 2213 1054 2272; x_wconf 88' lang='lat' dir='ltr'><strong>et</strong></span> 
     </span>
     <span class='ocr_line' id='line_1_10' title="bbox 94 2316 1052 2423; baseline 0 -33"><span class='ocrx_word' id='word_1_64' title='bbox 94 2343 195 2391; x_wconf 86' lang='lat' dir='ltr'><strong>suurn</strong></span> <span class='ocrx_word' id='word_1_65' title='bbox 225 2316 355 2419; x_wconf 90' lang='lat' dir='ltr'><strong>ubique</strong></span> <span class='ocrx_word' id='word_1_66' title='bbox 387 2316 564 2393; x_wconf 88' lang='lat' dir='ltr'><strong>adhiberet</strong></span> <span class='ocrx_word' id='word_1_67' title='bbox 603 2319 835 2423; x_wconf 89' lang='lat' dir='ltr'><strong>qualecunque</strong></span> <span class='ocrx_word' id='word_1_68' title='bbox 875 2316 1052 2418; x_wconf 85' lang='lat' dir='ltr'><strong>judicium.</strong></span> 
     </span>
     <span class='ocr_line' id='line_1_11' title="bbox 95 2438 1053 2544; baseline 0.006 -32"><span class='ocrx_word' id='word_1_69' title='bbox 95 2438 292 2541; x_wconf 87' lang='lat' dir='ltr'><strong>Scripturae</strong></span> <span class='ocrx_word' id='word_1_70' title='bbox 321 2439 581 2544; x_wconf 81' lang='lat' dir='ltr'><strong>discrepantiam</strong></span> <span class='ocrx_word' id='word_1_71' title='bbox 613 2441 855 2519; x_wconf 85' lang='lat' dir='ltr'><strong>continuationi</strong></span> <span class='ocrx_word' id='word_1_72' title='bbox 887 2442 1053 2518; x_wconf 85' lang='lat' dir='ltr'><strong>sermonis</strong></span> 
     </span>
     <span class='ocr_line' id='line_1_12' title="bbox 94 2557 1054 2667; baseline 0.004 -31"><span class='ocrx_word' id='word_1_73' title='bbox 94 2559 241 2662; x_wconf 88' lang='lat' dir='ltr'><strong>subjecit</strong></span> <span class='ocrx_word' id='word_1_74' title='bbox 251 2557 422 2655; x_wconf 67' lang='lat' dir='ltr'><strong>selectam</strong></span> <span class='ocrx_word' id='word_1_75' title='bbox 441 2561 471 2637; x_wconf 89' lang='lat' dir='ltr'><strong>si</strong></span> <span class='ocrx_word' id='word_1_76' title='bbox 481 2565 535 2640; x_wconf 90' lang='lat' dir='ltr'><strong>cui</strong></span> <span class='ocrx_word' id='word_1_77' title='bbox 544 2563 713 2640; x_wconf 88' lang='lat' dir='ltr'><strong>videbitur</strong></span> <span class='ocrx_word' id='word_1_78' title='bbox 719 2563 940 2667; x_wconf 90' lang='lat' dir='ltr'><strong>praeceptori,</strong></span> <span class='ocrx_word' id='word_1_79' title='bbox 953 2563 1054 2666; x_wconf 81' lang='lat' dir='ltr'><strong>plura</strong></span> 
     </span>
     <span class='ocr_line' id='line_1_13' title="bbox 97 2682 1090 2790; baseline 0.003 -33"><span class='ocrx_word' id='word_1_80' title='bbox 97 2682 319 2784; x_wconf 88' lang='lat' dir='ltr'><strong>dijudicanda</strong></span> <span class='ocrx_word' id='word_1_81' title='bbox 343 2704 512 2789; x_wconf 87' lang='lat' dir='ltr'><strong>proponet</strong></span> <span class='ocrx_word' id='word_1_82' title='bbox 537 2686 723 2790; x_wconf 84' lang='lat' dir='ltr'><strong>discipulis.</strong></span> <span class='ocrx_word' id='word_1_83' title='bbox 783 2685 870 2759; x_wconf 89' lang='lat' dir='ltr'><strong>Nam</strong></span> <span class='ocrx_word' id='word_1_84' title='bbox 893 2683 1055 2760; x_wconf 83' lang='lat' dir='ltr'><strong>difficilli-</strong></span> <span class='ocrx_word' id='word_1_85' title='bbox 1079 2731 1090 2784; x_wconf 70' lang='lat'><em>1</em></span> 
     </span>
     <span class='ocr_line' id='line_1_14' title="bbox 94 2805 1112 2918; baseline 0.001 -39"><span class='ocrx_word' id='word_1_86' title='bbox 94 2833 188 2880; x_wconf 87' lang='lat' dir='ltr'><strong>mum</strong></span> <span class='ocrx_word' id='word_1_87' title='bbox 214 2823 265 2880; x_wconf 87' lang='lat' dir='ltr'><strong>est</strong></span> <span class='ocrx_word' id='word_1_88' title='bbox 288 2805 387 2882; x_wconf 91' lang='lat' dir='ltr'><strong>hoc</strong></span> <span class='ocrx_word' id='word_1_89' title='bbox 376 2837 413 2882; x_wconf 88' lang='grc' dir='ltr'><strong>ιιι</strong></span> <span class='ocrx_word' id='word_1_90' title='bbox 431 2836 555 2908; x_wconf 84' lang='lat' dir='ltr'><strong>genere</strong></span> <span class='ocrx_word' id='word_1_91' title='bbox 577 2809 727 2883; x_wconf 90' lang='lat' dir='ltr'><strong>omnium</strong></span> <span class='ocrx_word' id='word_1_92' title='bbox 749 2805 942 2881; x_wconf 80' lang='lat' dir='ltr'><strong>satisfacere</strong></span> <span class='ocrx_word' id='word_1_93' title='bbox 961 2805 1053 2918; x_wconf 82' lang='lat' dir='ltr'><strong>desi-</strong></span> <span class='ocrx_word' id='word_1_94' title='bbox 1109 2905 1112 2914; x_wconf 27' lang='lat'><em>¹</em></span> 
     </span>
     <span class='ocr_line' id='line_1_15' title="bbox 95 2907 1052 3034; baseline -0.001 -31"><span class='ocrx_word' id='word_1_95' title='bbox 95 2929 209 3004; x_wconf 77' lang='lat' dir='ltr'><strong>dariis.</strong></span> <span class='ocrx_word' id='word_1_96' title='bbox 252 2930 522 3034; x_wconf 85' lang='lat' dir='ltr'><strong>Interpretationi</strong></span> <span class='ocrx_word' id='word_1_97' title='bbox 538 2951 618 3006; x_wconf 79' lang='lat' dir='ltr'><strong>vero</strong></span> <span class='ocrx_word' id='word_1_98' title='bbox 632 2929 675 3005; x_wconf 91' lang='lat' dir='ltr'><strong>ab</strong></span> <span class='ocrx_word' id='word_1_99' title='bbox 689 2927 821 3003; x_wconf 81' lang='lat' dir='ltr'><strong>Henkio</strong></span> <span class='ocrx_word' id='word_1_100' title='bbox 839 2917 964 3002; x_wconf 81' lang='lat' dir='ltr'><strong>scholis</strong></span> <span class='ocrx_word' id='word_1_101' title='bbox 979 2907 1052 3002; x_wconf 75' lang='lat' dir='ltr'><strong>siris</strong></span> 
     </span>
     <span class='ocr_line' id='line_1_16' title="bbox 94 3017 1052 3158; baseline -0.006 -30"><span class='ocrx_word' id='word_1_102' title='bbox 94 3068 243 3128; x_wconf 83' lang='lat' dir='ltr'><strong>servatae</strong></span> <span class='ocrx_word' id='word_1_103' title='bbox 269 3052 316 3128; x_wconf 86' lang='lat' dir='ltr'><strong>ita</strong></span> <span class='ocrx_word' id='word_1_104' title='bbox 341 3052 535 3156; x_wconf 85' lang='lat' dir='ltr'><strong>prospexit,</strong></span> <span class='ocrx_word' id='word_1_105' title='bbox 574 3070 614 3130; x_wconf 89' lang='lat' dir='ltr'><strong>ut</strong></span> <span class='ocrx_word' id='word_1_106' title='bbox 644 3017 871 3158; x_wconf 72' lang='lat' dir='ltr'><strong>difficiliorem</strong></span> <span class='ocrx_word' id='word_1_107' title='bbox 899 3047 1052 3124; x_wconf 86' lang='lat' dir='ltr'><strong>locorum</strong></span> 
     </span>
     <span class='ocr_line' id='line_1_17' title="bbox 92 3172 1065 3279; baseline -0.003 -30"><span class='ocrx_word' id='word_1_108' title='bbox 92 3203 232 3250; x_wconf 89' lang='lat' dir='ltr'><strong>sensum</strong></span> <span class='ocrx_word' id='word_1_109' title='bbox 250 3173 440 3278; x_wconf 85' lang='lat' dir='ltr'><strong>expe&#39;diret,</strong></span> <span class='ocrx_word' id='word_1_110' title='bbox 463 3201 519 3250; x_wconf 88' lang='lat' dir='ltr'><strong>res</strong></span> <span class='ocrx_word' id='word_1_111' title='bbox 536 3192 570 3250; x_wconf 90' lang='lat' dir='ltr'><strong>et</strong></span> <span class='ocrx_word' id='word_1_112' title='bbox 584 3201 748 3279; x_wconf 85' lang='lat' dir='ltr'><strong>personas</strong></span> <span class='ocrx_word' id='word_1_113' title='bbox 762 3200 783 3246; x_wconf 83' lang='lat' dir='ltr'><strong>a</strong></span> <span class='ocrx_word' id='word_1_114' title='bbox 796 3172 959 3274; x_wconf 87' lang='lat' dir='ltr'><strong>scriptore</strong></span> <span class='ocrx_word' id='word_1_115' title='bbox 979 3179 1065 3247; x_wconf 54' lang='lat' dir='ltr'><strong>me?</strong></span> 
     </span>
     <span class='ocr_line' id='line_1_18' title="bbox 93 3296 1051 3400; baseline -0.006 -28"><span class='ocrx_word' id='word_1_116' title='bbox 93 3317 241 3374; x_wconf 87' lang='lat' dir='ltr'><strong>moratos</strong></span> <span class='ocrx_word' id='word_1_117' title='bbox 265 3299 463 3390; x_wconf 85' lang='lat' dir='ltr'><strong>illustraret,</strong></span> <span class='ocrx_word' id='word_1_118' title='bbox 496 3298 632 3376; x_wconf 88' lang='lat' dir='ltr'><strong>dicendi</strong></span> <span class='ocrx_word' id='word_1_119' title='bbox 658 3296 804 3400; x_wconf 89' lang='lat' dir='ltr'><strong>deniqne</strong></span> <span class='ocrx_word' id='word_1_120' title='bbox 822 3319 922 3368; x_wconf 87' lang='lat' dir='ltr'><strong>nsum</strong></span> <span class='ocrx_word' id='word_1_121' title='bbox 946 3297 978 3368; x_wconf 84' lang='lat' dir='ltr'><strong>et</strong></span> <span class='ocrx_word' id='word_1_122' title='bbox 995 3317 1051 3367; x_wconf 85' lang='lat' dir='ltr'><strong>res</strong></span> 
     </span>
     <span class='ocr_line' id='line_1_19' title="bbox 90 3413 1051 3530; baseline -0.01 -33"><span class='ocrx_word' id='word_1_123' title='bbox 90 3423 325 3530; x_wconf 77' lang='lat' dir='ltr'><strong>grammaticas</strong></span> <span class='ocrx_word' id='word_1_124' title='bbox 343 3423 543 3528; x_wconf 86' lang='lat' dir='ltr'><strong>explanaret.</strong></span> <span class='ocrx_word' id='word_1_125' title='bbox 601 3421 653 3500; x_wconf 84' lang='lat' dir='ltr'><strong>Ea</strong></span> <span class='ocrx_word' id='word_1_126' title='bbox 668 3435 780 3494; x_wconf 85' lang='lat' dir='ltr'><strong>tamen</strong></span> <span class='ocrx_word' id='word_1_127' title='bbox 801 3443 877 3495; x_wconf 86' lang='lat' dir='ltr'><strong>cnm</strong></span> <span class='ocrx_word' id='word_1_128' title='bbox 898 3413 1051 3490; x_wconf 80' lang='lat' dir='ltr'><strong>brevitati</strong></span> 
     </span>
    </p>
   </div>
   <div class='ocr_carea' id='block_1_3' title="bbox 0 0 1200 3912">
    <p class='ocr_par' dir='ltr' id='par_1_3' title="bbox 0 0 1200 3912">
     <span class='ocr_line' id='line_1_20' title="bbox 0 0 1200 3912; baseline 0 0"><span class='ocrx_word' id='word_1_129' title='bbox 0 0 1200 3912; x_wconf 95' lang='lat' dir='ltr'><strong> </strong></span> 
     </span>
    </p>
   </div>
  </div>
 </body>
</html>
