2374 3906
384 115 838 190 ..43...

1035 265 1043 292 Ι
1097 277 1104 298 Ι

7 319 8 326 ’
65 329 120 380 ter
142 311 301 378 imitatio.»
334 309 399 376 Sed
418 311 480 376 hoo
500 309 617 394 ipsum,
645 309 729 396 qnod
754 325 838 376 tento
861 303 1030 378 faciliorem

67 401 167 468 nobis
180 401 329 468 rationem
349 401 486 466 omnium
498 399 586 477 feeit,
614 422 703 484 quern
717 398 774 469 finit
789 400 843 478 iis,
875 401 928 486 qui
942 401 1029 480 nihil,

71 492 160 578 qnod
180 506 394 575 sequerentur,
418 492 605 566 hahuerunt,
632 489 696 554 nisi
720 503 805 554 ceute
821 505 852 553 et
868 511 938 554 oum
951 491 1029 579 judi·

73 583 127 648 oio
142 581 397 666 apprehenditur,
422 594 522 642 nocet.
1061 618 1068 628 =

164 671 244 734 Ante
261 669 362 734 omnia
374 669 469 756 igitur
485 666 611 732 imitatio
630 688 688 750 per
708 688 741 729 se
756 665 825 750 ipsa
835 691 900 734 non
915 668 1032 748 suffieit,
1040 669 1070 732 4.

73 761 126 824 vel
140 759 211 844 quie
222 759 307 846 pigri
323 750 368 821 est
380 755 509 846 ingenii,
531 769 705 820 contentum
721 779 786 818 esee
801 756 857 836 iis,
880 779 957 842 qnae
971 757 1032 822 sint

74 851 117 914 nb
133 849 201 912 eliis
221 849 349 912 inventa.
402 847 486 940 Quid
506 846 587 910 enim
607 844 740 910 futurum
762 861 825 908 eret
841 847 1031 931 temporibus
1109 839 1118 864 ³

71 939 153 1018 illie,
176 960 254 1022 quae
269 937 334 1000 sine
352 939 488 1020 exemplo
511 934 649 1013 fuemnt,
679 935 706 998 si
722 935 860 998 homines
881 937 958 1000 nihil
971 936 1031 1000 nisi

76 1029 166 1114 quod
179 1029 239 1114 jem
249 1027 489 1114 eognoviseent,
509 1024 682 1088 faciendum
699 1024 759 1086 sibi
772 1039 822 1090 eut
836 1025 1032 1114 cogitandum

22 1114 25 1122 ’
74 1119 257 1203 putassent?
301 1118 421 1200 Nempe
438 1115 515 1178 nihil
527 1113 634 1178 firisser
652 1114 813 1177 inventum
858 1113 922 1180 Cur
937 1115 1069 1204 igitur&

75 1207 164 1270 nefas
185 1215 231 1270 'eet
249 1206 379 1289 reperiri
397 1205 512 1287 aliquid
532 1227 549 1266 e
569 1203 677 1282 nobis,
703 1205 787 1288 quod
805 1217 872 1268 ente
887 1227 952 1268 non
967 1204 1046 1268 fite.

75 1297 144 1362 rit?
185 1296 235 1359 An
249 1295 293 1357 illi
306 1297 397 1358 rudes
411 1295 475 1358 sola
490 1293 598 1356 mentis
613 1308 717 1356 notura
735 1293 818 1356 ducti
832 1295 946 1358 suntin
960 1294 1032 1374 hoe,

76 1398 194 1448 uttam
216 1387 307 1448 multe
330 1397 525 1471 generarent,
548 1405 605 1446 nos
629 1383 668 1446 ed
690 1385 894 1466 quaerendum
913 1406 1032 1449 nonen

76 1475 149 1561 ipso
162 1473 369 1552 eonfitemur,
395 1473 480 1558 quod
494 1486 574 1536 cene
593 1471 705 1534 scimus
719 1473 869 1536 invenisse
885 1495 954 1551 eos,
980 1473 1034 1559 qni
1083 1531 1097 1544 ,

80 1563 301 1649 quaesierunt?
351 1563 483 1626 Etcum
502 1561 563 1638 illi,
587 1559 640 1644 qui
660 1563 775 1624 nullum
794 1563 969 1648 cujusquam
985 1561 1072 1631 rei6.

56 1730 59 1740 Ι
77 1655 253 1718 hahuerunt
265 1651 460 1738 magistrum,
493 1649 671 1734 plurima'in
687 1665 828 1734 posteros
839 1651 1034 1731 tradiderint,

77 1742 174 1806 nobis
194 1765 267 1806 usus
283 1741 409 1804 alierum
428 1763 531 1804 rernm
551 1740 591 1802 ad
610 1742 756 1802 eruendas
779 1742 850 1804 alias
874 1765 937 1804 non
960 1763 1033 1824 pro·

82 1832 177 1910 derit,
185 1832 241 1894 sed
253 1825 331 1894 nihil
344 1829 533 1912 habebimus,
555 1828 615 1890 nisi
628 1829 771 1894 beneficii
783 1831 895 1908 ali'epi?
920 1830 1034 1923 Quem·
1155 1824 1157 1830 ¹

77 1922 246 1986 admodum
265 1920 388 2004 qnidam
408 1919 543 2004 pictores
559 1917 592 1978 in
608 1917 643 1978 id
659 1922 757 1984 nolum
778 1921 912 1997 student,
935 1935 969 1982 ut
984 1920 1035 1985 de.

81 2011 218 2075 seribere
232 2010 349 2074 tabulae
364 2007 512 2074 mensuris
529 2029 564 2070 ac
579 2006 669 2069 lineis
681 2009 786 2073 soient.
829 2010 932 2090 Turpe
947 2008 1036 2072 etiem
1045 2019 1074 2076 7.
1127 2066 1130 2074 .

73 2100 158 2166 'illud
179 2113 239 2178 est,
264 2115 438 2164 contentum
464 2118 529 2186 eqse
550 2095 585 2158 id
608 2099 772 2184 consequi,
804 2098 888 2184 quod
901 2097 1037 2162 imiteris.

147 2258 230 2302 tanto
245 2282 287 2294 -
302 2248 401 2318 quam]
428 2247 505 2302 llaec
527 2239 578 2302 eibi
599 2267 682 2322 saepe
702 2246 887 2321 respondere,
917 2247 1039 2322 exempla
1110 2243 1116 2251 “

84 2333 186 2388 docent
206 2349 248 2402 ap.
261 2328 369 2384 Ruhnk.
384 2330 448 2386 Ter.
468 2331 569 2404 lleeyr.
585 2329 634 2399 ΙΙΙ,
652 2330 681 2400 4,
698 2331 728 2388 3.
764 2324 805 2384 lta¹
825 2326 923 2386 eddom
941 2363 984 2376 -
1004 2327 1047 2396 eis,

84 2416 167 2472 Hom.
185 2410 240 2466 Od.
253 2412 303 2480 lV,
327 2411 393 2468 104.

148 2515 222 2566 quae
237 2498 308 2564 sint]
334 2495 378 2548 ΑΙ.
396 2505 474 2550 sunt.
890 2523 891 2528 =

142 2581 290 2646 sueverat
303 2609 346 2620 -
358 2579 387 2632 εἰ
400 2581 566 2696 putassqnt]
599 2595 624 2630 v.
646 2577 750 2652 Krueg.
774 2575 939 2632 Untersuch.
962 2575 997 2630 11.
1011 2597 1038 2652 p.

86 2657 147 2718 358
165 2679 223 2732 sqq.
252 2660 353 2733 Reisig.
368 2671 437 2733 part.
452 2657 484 2716 oie
498 2681 526 2734 p.
543 2659 612 2716 139.

147 2744 267 2813 Nempe]
293 2735 335 2797 Ne
349 2741 527 2817 interpretere
540 2739 653 2811 nontin,
673 2763 698 2796 r.
711 2739 833 2797 Schmid.
849 2743 917 2798 Hor.
933 2743 954 2798 Ι.
969 2741 1039 2817 Epp.

89 2826 138 2894 10,
158 2827 207 2880 22.
949 2863 951 2870 ·

95 2961 98 2966 ,
149 2907 247 2975 r'gr‘tur]
268 2903 313 2960 ΑΙ.
329 2927 408 2976 ergo.
449 2907 485 2962 V.
502 2903 587 2960 Goer.
601 2903 623 2962 Ι.
641 2907 708 2960 lion.
728 2903 775 2974 19,
798 2909 846 2963 66.

104 2985 116 3042 .’
135 2992 196 3044 :dn
211 3019 252 3045 μ-
266 2994 333 3058 nos]
354 2988 562 3064 Argumentatio
575 2976 594 3040 .a
608 2989 715 3042 minore
730 2989 764 3042 ed
781 2989 885 3062 majus,
905 3010 930 3044 e.
945 2989 1043 3048 Matrh.
1105 2989 1108 2996 ⁴

91 3069 149 3126 cie.
164 3071 186 3124 l.
205 3069 264 3124 Cat.
281 3072 308 3126 3.
331 3071 388 3126 Ott.
404 3071 461 3126 Cic.
479 3069 560 3124 Finn.
575 3090 601 3143 p.
619 3071 679 3128 162
693 3091 752 3144 sqq.

152 3163 229 3208 certe
242 3157 360 3230 scimus]
382 3153 440 3209 Cur'
451 3171 509 3207 non
526 3152 622 3209 dixerit
636 3165 714 3208 certo
722 3165 748 3208 te
766 3151 883 3222 docebit,
900 3152 966 3208 Otto
985 3153 1044 3211 cat

153 3321 334 3390 cujusquam]
357 3314 405 3373 ΑΙ.Ι
421 3320 565 3389 cujusque.
588 3317 973 3391 Ochon.Ecl.Cic.p.·148.

32 3444 34 3454 .
97 3434 100 3438 v
154 3410 322 3454 reticentem
337 3401 408 3470 esse]
430 3399 529 3456 Cicero
554 3399 662 3455 dixisset
681 3404 753 3456 satri
765 3403 887 3465 habere,
909 3421 933 3456 r.
948 3397 1044 3458 Matth.
1151 3465 1153 3470 ,

92 3480 163 3562 eloq.
182 3481 228 3536 lat.
245 3484 358 3560 exempl.
373 3503 400 3558 p.
414 3483 485 3540 266.
